timestamp,bid_px_0,bid_sz_0,bid_px_1,bid_sz_1,bid_px_2,bid_sz_2,bid_px_3,bid_sz_3,bid_px_4,bid_sz_4,bid_px_5,bid_sz_5,bid_px_6,bid_sz_6,bid_px_7,bid_sz_7,bid_px_8,bid_sz_8,bid_px_9,bid_sz_9,ask_px_0,ask_sz_0,ask_px_1,ask_sz_1,ask_px_2,ask_sz_2,ask_px_3,ask_sz_3,ask_px_4,ask_sz_4,ask_px_5,ask_sz_5,ask_px_6,ask_sz_6,ask_px_7,ask_sz_7,ask_px_8,ask_sz_8,ask_px_9,ask_sz_9
160,5.51,100,0,0,0,0,0,0,0,0,0,0,0,0,0,0,0,0,0,0,0,0,0,0,0,0,0,0,0,0,0,0,0,0,0,0,0,0,0,0
160,5.51,100,0,0,0,0,0,0,0,0,0,0,0,0,0,0,0,0,0,0,21.33,100,0,0,0,0,0,0,0,0,0,0,0,0,0,0,0,0,0,0
160,5.51,100,5.9,100,0,0,0,0,0,0,0,0,0,0,0,0,0,0,0,0,21.33,100,0,0,0,0,0,0,0,0,0,0,0,0,0,0,0,0,0,0
160,5.51,100,5.9,100,0,0,0,0,0,0,0,0,0,0,0,0,0,0,0,0,20.94,100,21.33,100,0,0,0,0,0,0,0,0,0,0,0,0,0,0,0,0
160,5.9,100,0,0,0,0,0,0,0,0,0,0,0,0,0,0,0,0,0,0,20.94,100,21.33,100,0,0,0,0,0,0,0,0,0,0,0,0,0,0,0,0
160,5.37,100,5.9,100,0,0,0,0,0,0,0,0,0,0,0,0,0,0,0,0,20.94,100,21.33,100,0,0,0,0,0,0,0,0,0,0,0,0,0,0,0,0
160,5.37,100,0,0,0,0,0,0,0,0,0,0,0,0,0,0,0,0,0,0,20.94,100,21.33,100,0,0,0,0,0,0,0,0,0,0,0,0,0,0,0,0
160,5.37,100,5.4,100,0,0,0,0,0,0,0,0,0,0,0,0,0,0,0,0,20.94,100,21.33,100,0,0,0,0,0,0,0,0,0,0,0,0,0,0,0,0
160,5.37,100,5.4,100,0,0,0,0,0,0,0,0,0,0,0,0,0,0,0,0,21.33,100,0,0,0,0,0,0,0,0,0,0,0,0,0,0,0,0,0,0
160,5.37,100,5.4,100,0,0,0,0,0,0,0,0,0,0,0,0,0,0,0,0,21.33,100,21.47,100,0,0,0,0,0,0,0,0,0,0,0,0,0,0,0,0
160,5.4,100,0,0,0,0,0,0,0,0,0,0,0,0,0,0,0,0,0,0,21.33,100,21.47,100,0,0,0,0,0,0,0,0,0,0,0,0,0,0,0,0
160,5.4,100,9.79,100,0,0,0,0,0,0,0,0,0,0,0,0,0,0,0,0,21.33,100,21.47,100,0,0,0,0,0,0,0,0,0,0,0,0,0,0,0,0
160,9.79,100,0,0,0,0,0,0,0,0,0,0,0,0,0,0,0,0,0,0,21.33,100,21.47,100,0,0,0,0,0,0,0,0,0,0,0,0,0,0,0,0
160,9.79,100,9.84,100,0,0,0,0,0,0,0,0,0,0,0,0,0,0,0,0,21.33,100,21.47,100,0,0,0,0,0,0,0,0,0,0,0,0,0,0,0,0
160,9.79,100,9.84,100,0,0,0,0,0,0,0,0,0,0,0,0,0,0,0,0,21.47,100,0,0,0,0,0,0,0,0,0,0,0,0,0,0,0,0,0,0
160,9.79,100,9.84,100,0,0,0,0,0,0,0,0,0,0,0,0,0,0,0,0,17.44,100,21.47,100,0,0,0,0,0,0,0,0,0,0,0,0,0,0,0,0
160,9.79,100,9.84,100,0,0,0,0,0,0,0,0,0,0,0,0,0,0,0,0,17.44,100,0,0,0,0,0,0,0,0,0,0,0,0,0,0,0,0,0,0
160,9.79,100,9.84,100,0,0,0,0,0,0,0,0,0,0,0,0,0,0,0,0,17.36,100,17.44,100,0,0,0,0,0,0,0,0,0,0,0,0,0,0,0,0
160,9.79,100,9.84,100,0,0,0,0,0,0,0,0,0,0,0,0,0,0,0,0,17.36,100,0,0,0,0,0,0,0,0,0,0,0,0,0,0,0,0,0,0
160,9.79,100,9.84,100,0,0,0,0,0,0,0,0,0,0,0,0,0,0,0,0,17.36,100,18.92,100,0,0,0,0,0,0,0,0,0,0,0,0,0,0,0,0
160,9.79,100,9.84,100,0,0,0,0,0,0,0,0,0,0,0,0,0,0,0,0,18.92,100,0,0,0,0,0,0,0,0,0,0,0,0,0,0,0,0,0,0
160,9.79,100,9.84,100,0,0,0,0,0,0,0,0,0,0,0,0,0,0,0,0,18.84,100,18.92,100,0,0,0,0,0,0,0,0,0,0,0,0,0,0,0,0
160,9.79,100,9.84,100,0,0,0,0,0,0,0,0,0,0,0,0,0,0,0,0,18.84,100,0,0,0,0,0,0,0,0,0,0,0,0,0,0,0,0,0,0
160,9.79,100,9.84,100,0,0,0,0,0,0,0,0,0,0,0,0,0,0,0,0,18.84,100,20.62,100,0,0,0,0,0,0,0,0,0,0,0,0,0,0,0,0
160,9.79,100,9.84,100,0,0,0,0,0,0,0,0,0,0,0,0,0,0,0,0,20.62,100,0,0,0,0,0,0,0,0,0,0,0,0,0,0,0,0,0,0
160,9.79,100,9.84,100,0,0,0,0,0,0,0,0,0,0,0,0,0,0,0,0,20.53,100,20.62,100,0,0,0,0,0,0,0,0,0,0,0,0,0,0,0,0
160,9.79,100,9.84,100,0,0,0,0,0,0,0,0,0,0,0,0,0,0,0,0,20.53,100,0,0,0,0,0,0,0,0,0,0,0,0,0,0,0,0,0,0
160,9.79,100,9.84,100,0,0,0,0,0,0,0,0,0,0,0,0,0,0,0,0,20.53,100,21.47,100,0,0,0,0,0,0,0,0,0,0,0,0,0,0,0,0
160,9.79,100,9.84,100,0,0,0,0,0,0,0,0,0,0,0,0,0,0,0,0,21.47,100,0,0,0,0,0,0,0,0,0,0,0,0,0,0,0,0,0,0
160,9.79,100,9.84,100,0,0,0,0,0,0,0,0,0,0,0,0,0,0,0,0,21.47,200,0,0,0,0,0,0,0,0,0,0,0,0,0,0,0,0,0,0
160,9.79,100,9.84,100,0,0,0,0,0,0,0,0,0,0,0,0,0,0,0,0,21.47,100,0,0,0,0,0,0,0,0,0,0,0,0,0,0,0,0,0,0
160,9.79,100,9.84,100,0,0,0,0,0,0,0,0,0,0,0,0,0,0,0,0,17.44,100,21.47,100,0,0,0,0,0,0,0,0,0,0,0,0,0,0,0,0
160,9.79,100,9.84,100,0,0,0,0,0,0,0,0,0,0,0,0,0,0,0,0,17.44,100,0,0,0,0,0,0,0,0,0,0,0,0,0,0,0,0,0,0
160,9.79,100,9.84,100,0,0,0,0,0,0,0,0,0,0,0,0,0,0,0,0,17.36,100,17.44,100,0,0,0,0,0,0,0,0,0,0,0,0,0,0,0,0
160,9.84,100,0,0,0,0,0,0,0,0,0,0,0,0,0,0,0,0,0,0,17.36,100,17.44,100,0,0,0,0,0,0,0,0,0,0,0,0,0,0,0,0
160,9.84,100,0,0,0,0,0,0,0,0,0,0,0,0,0,0,0,0,0,0,17.36,100,0,0,0,0,0,0,0,0,0,0,0,0,0,0,0,0,0,0
160,9.79,100,9.84,100,0,0,0,0,0,0,0,0,0,0,0,0,0,0,0,0,17.36,100,0,0,0,0,0,0,0,0,0,0,0,0,0,0,0,0,0,0
160,9.79,100,9.84,100,0,0,0,0,0,0,0,0,0,0,0,0,0,0,0,0,17.36,100,17.44,100,0,0,0,0,0,0,0,0,0,0,0,0,0,0,0,0
160,9.79,100,9.84,100,0,0,0,0,0,0,0,0,0,0,0,0,0,0,0,0,17.36,100,0,0,0,0,0,0,0,0,0,0,0,0,0,0,0,0,0,0
160,9.79,100,9.84,100,0,0,0,0,0,0,0,0,0,0,0,0,0,0,0,0,17.36,100,17.93,100,0,0,0,0,0,0,0,0,0,0,0,0,0,0,0,0
160,9.79,100,9.84,100,0,0,0,0,0,0,0,0,0,0,0,0,0,0,0,0,17.36,100,0,0,0,0,0,0,0,0,0,0,0,0,0,0,0,0,0,0
160,9.79,100,9.84,100,0,0,0,0,0,0,0,0,0,0,0,0,0,0,0,0,17.36,100,17.44,100,0,0,0,0,0,0,0,0,0,0,0,0,0,0,0,0
160,9.79,100,9.84,100,0,0,0,0,0,0,0,0,0,0,0,0,0,0,0,0,17.44,100,0,0,0,0,0,0,0,0,0,0,0,0,0,0,0,0,0,0
160,9.79,100,9.84,100,0,0,0,0,0,0,0,0,0,0,0,0,0,0,0,0,17.44,100,17.85,100,0,0,0,0,0,0,0,0,0,0,0,0,0,0,0,0
160,9.79,100,9.84,100,0,0,0,0,0,0,0,0,0,0,0,0,0,0,0,0,17.44,100,0,0,0,0,0,0,0,0,0,0,0,0,0,0,0,0,0,0
160,9.79,100,9.84,100,0,0,0,0,0,0,0,0,0,0,0,0,0,0,0,0,17.36,100,17.44,100,0,0,0,0,0,0,0,0,0,0,0,0,0,0,0,0
160,9.79,100,0,0,0,0,0,0,0,0,0,0,0,0,0,0,0,0,0,0,17.36,100,17.44,100,0,0,0,0,0,0,0,0,0,0,0,0,0,0,0,0
160,9.79,100,0,0,0,0,0,0,0,0,0,0,0,0,0,0,0,0,0,0,17.44,100,0,0,0,0,0,0,0,0,0,0,0,0,0,0,0,0,0,0
160,9.79,100,9.84,100,0,0,0,0,0,0,0,0,0,0,0,0,0,0,0,0,17.44,100,0,0,0,0,0,0,0,0,0,0,0,0,0,0,0,0,0,0
160,9.79,100,9.84,100,0,0,0,0,0,0,0,0,0,0,0,0,0,0,0,0,17.36,100,17.44,100,0,0,0,0,0,0,0,0,0,0,0,0,0,0,0,0
160,9.79,100,9.84,100,0,0,0,0,0,0,0,0,0,0,0,0,0,0,0,0,17.36,100,17.44,100,20.48,100,0,0,0,0,0,0,0,0,0,0,0,0,0,0
160,7.74,100,9.79,100,9.84,100,0,0,0,0,0,0,0,0,0,0,0,0,0,0,17.36,100,17.44,100,20.48,100,0,0,0,0,0,0,0,0,0,0,0,0,0,0
160,7.74,100,9.79,100,9.84,100,0,0,0,0,0,0,0,0,0,0,0,0,0,0,17.36,100,17.44,100,20.48,200,0,0,0,0,0,0,0,0,0,0,0,0,0,0
160,7.74,200,9.79,100,9.84,100,0,0,0,0,0,0,0,0,0,0,0,0,0,0,17.36,100,17.44,100,20.48,200,0,0,0,0,0,0,0,0,0,0,0,0,0,0
160,7.74,200,9.79,100,9.84,100,0,0,0,0,0,0,0,0,0,0,0,0,0,0,17.36,100,17.44,100,20.48,300,0,0,0,0,0,0,0,0,0,0,0,0,0,0
160,7.74,300,9.79,100,9.84,100,0,0,0,0,0,0,0,0,0,0,0,0,0,0,17.36,100,17.44,100,20.48,300,0,0,0,0,0,0,0,0,0,0,0,0,0,0
160,7.74,300,9.79,100,9.84,100,0,0,0,0,0,0,0,0,0,0,0,0,0,0,17.36,100,20.48,300,0,0,0,0,0,0,0,0,0,0,0,0,0,0,0,0
160,7.74,300,9.84,100,0,0,0,0,0,0,0,0,0,0,0,0,0,0,0,0,17.36,100,20.48,300,0,0,0,0,0,0,0,0,0,0,0,0,0,0,0,0
160,7.74,300,9.84,100,0,0,0,0,0,0,0,0,0,0,0,0,0,0,0,0,20.48,300,0,0,0,0,0,0,0,0,0,0,0,0,0,0,0,0,0,0
160,7.74,300,0,0,0,0,0,0,0,0,0,0,0,0,0,0,0,0,0,0,20.48,300,0,0,0,0,0,0,0,0,0,0,0,0,0,0,0,0,0,0
160,7.74,400,0,0,0,0,0,0,0,0,0,0,0,0,0,0,0,0,0,0,20.48,300,0,0,0,0,0,0,0,0,0,0,0,0,0,0,0,0,0,0
160,7.74,400,0,0,0,0,0,0,0,0,0,0,0,0,0,0,0,0,0,0,20.48,400,0,0,0,0,0,0,0,0,0,0,0,0,0,0,0,0,0,0
160,7.74,500,0,0,0,0,0,0,0,0,0,0,0,0,0,0,0,0,0,0,20.48,400,0,0,0,0,0,0,0,0,0,0,0,0,0,0,0,0,0,0
160,7.74,500,0,0,0,0,0,0,0,0,0,0,0,0,0,0,0,0,0,0,20.48,500,0,0,0,0,0,0,0,0,0,0,0,0,0,0,0,0,0,0
160,7.74,500,8.74,100,0,0,0,0,0,0,0,0,0,0,0,0,0,0,0,0,20.48,500,0,0,0,0,0,0,0,0,0,0,0,0,0,0,0,0,0,0
160,7.74,500,8.74,100,0,0,0,0,0,0,0,0,0,0,0,0,0,0,0,0,18.35,100,20.48,500,0,0,0,0,0,0,0,0,0,0,0,0,0,0,0,0
160,7.74,500,8.74,100,0,0,0,0,0,0,0,0,0,0,0,0,0,0,0,0,18.24,100,18.35,100,20.48,500,0,0,0,0,0,0,0,0,0,0,0,0,0,0
160,7.74,500,8.74,100,9.24,100,0,0,0,0,0,0,0,0,0,0,0,0,0,0,18.24,100,18.35,100,20.48,500,0,0,0,0,0,0,0,0,0,0,0,0,0,0
160,7.74,500,8.74,100,9.24,100,0,0,0,0,0,0,0,0,0,0,0,0,0,0,18.35,100,20.48,500,0,0,0,0,0,0,0,0,0,0,0,0,0,0,0,0
160,7.74,500,8.74,100,0,0,0,0,0,0,0,0,0,0,0,0,0,0,0,0,18.35,100,20.48,500,0,0,0,0,0,0,0,0,0,0,0,0,0,0,0,0
160,7.74,500,0,0,0,0,0,0,0,0,0,0,0,0,0,0,0,0,0,0,18.35,100,20.48,500,0,0,0,0,0,0,0,0,0,0,0,0,0,0,0,0
160,7.74,500,0,0,0,0,0,0,0,0,0,0,0,0,0,0,0,0,0,0,20.48,500,0,0,0,0,0,0,0,0,0,0,0,0,0,0,0,0,0,0
160,7.74,600,0,0,0,0,0,0,0,0,0,0,0,0,0,0,0,0,0,0,20.48,500,0,0,0,0,0,0,0,0,0,0,0,0,0,0,0,0,0,0
160,7.74,600,0,0,0,0,0,0,0,0,0,0,0,0,0,0,0,0,0,0,20.48,600,0,0,0,0,0,0,0,0,0,0,0,0,0,0,0,0,0,0
160,7.74,700,0,0,0,0,0,0,0,0,0,0,0,0,0,0,0,0,0,0,20.48,600,0,0,0,0,0,0,0,0,0,0,0,0,0,0,0,0,0,0
160,7.74,700,0,0,0,0,0,0,0,0,0,0,0,0,0,0,0,0,0,0,20.48,700,0,0,0,0,0,0,0,0,0,0,0,0,0,0,0,0,0,0
160,7.74,700,0,0,0,0,0,0,0,0,0,0,0,0,0,0,0,0,0,0,18.32,700,20.48,700,0,0,0,0,0,0,0,0,0,0,0,0,0,0,0,0
160,7.74,700,9.29,700,0,0,0,0,0,0,0,0,0,0,0,0,0,0,0,0,18.32,700,20.48,700,0,0,0,0,0,0,0,0,0,0,0,0,0,0,0,0
160,7.74,700,9.29,700,9.67,100,0,0,0,0,0,0,0,0,0,0,0,0,0,0,18.32,700,20.48,700,0,0,0,0,0,0,0,0,0,0,0,0,0,0,0,0
160,7.74,700,9.29,700,9.67,100,0,0,0,0,0,0,0,0,0,0,0,0,0,0,17.6,100,18.32,700,20.48,700,0,0,0,0,0,0,0,0,0,0,0,0,0,0
160,7.74,700,9.29,700,9.67,100,9.99,100,0,0,0,0,0,0,0,0,0,0,0,0,17.6,100,18.32,700,20.48,700,0,0,0,0,0,0,0,0,0,0,0,0,0,0
160,7.74,700,9.29,700,9.67,100,9.99,100,0,0,0,0,0,0,0,0,0,0,0,0,17.12,100,17.6,100,18.32,700,20.48,700,0,0,0,0,0,0,0,0,0,0,0,0
160,7.74,700,9.29,700,9.67,200,9.99,100,0,0,0,0,0,0,0,0,0,0,0,0,17.12,100,17.6,100,18.32,700,20.48,700,0,0,0,0,0,0,0,0,0,0,0,0
160,7.74,700,9.29,700,9.67,200,9.99,100,0,0,0,0,0,0,0,0,0,0,0,0,17.12,100,17.6,200,18.32,700,20.48,700,0,0,0,0,0,0,0,0,0,0,0,0
160,7.74,700,9.29,700,9.67,200,9.99,200,0,0,0,0,0,0,0,0,0,0,0,0,17.12,100,17.6,200,18.32,700,20.48,700,0,0,0,0,0,0,0,0,0,0,0,0
160,7.74,700,9.29,700,9.67,200,9.99,200,0,0,0,0,0,0,0,0,0,0,0,0,17.12,200,17.6,200,18.32,700,20.48,700,0,0,0,0,0,0,0,0,0,0,0,0
160,7.74,700,9.13,100,9.29,700,9.67,200,9.99,200,0,0,0,0,0,0,0,0,0,0,17.12,200,17.6,200,18.32,700,20.48,700,0,0,0,0,0,0,0,0,0,0,0,0
160,7.74,700,9.13,100,9.29,700,9.67,200,9.99,200,0,0,0,0,0,0,0,0,0,0,17.12,200,17.6,200,18.32,700,18.4,100,20.48,700,0,0,0,0,0,0,0,0,0,0
160,7.74,700,7.84,100,9.13,100,9.29,700,9.67,200,9.99,200,0,0,0,0,0,0,0,0,17.12,200,17.6,200,18.32,700,18.4,100,20.48,700,0,0,0,0,0,0,0,0,0,0
160,7.74,700,7.84,100,9.13,100,9.29,700,9.67,200,9.99,200,0,0,0,0,0,0,0,0,17.12,200,17.6,200,18.32,700,18.4,100,20.32,100,20.48,700,0,0,0,0,0,0,0,0
160,7.74,700,7.84,100,9.13,100,9.29,700,9.67,200,9.99,200,0,0,0,0,0,0,0,0,15.3,100,17.12,200,17.6,200,18.32,700,18.4,100,20.32,100,20.48,700,0,0,0,0,0,0
160,7.74,700,7.84,100,9.13,100,9.29,700,9.67,200,9.99,200,0,0,0,0,0,0,0,0,15.3,100,17.12,200,17.6,200,18.32,700,18.4,100,20.32,100,20.48,600,0,0,0,0,0,0
160,7.74,700,7.84,100,9.13,100,9.29,700,9.67,200,9.99,200,0,0,0,0,0,0,0,0,15.3,100,17.12,200,17.6,200,18.32,700,18.4,100,19.58,100,20.32,100,20.48,600,0,0,0,0
160,7.74,700,7.84,100,9.13,100,9.29,700,9.67,200,9.99,200,0,0,0,0,0,0,0,0,15.3,100,17.12,200,17.6,200,18.32,700,18.4,100,19.58,100,20.32,100,20.48,500,0,0,0,0
160,7.74,700,7.84,100,9.13,100,9.29,700,9.67,200,9.99,200,0,0,0,0,0,0,0,0,15.3,100,17.12,200,17.6,200,18.32,700,18.4,100,19.58,200,20.32,100,20.48,500,0,0,0,0
160,7.74,700,7.84,100,9.13,100,9.29,700,9.67,200,9.99,200,0,0,0,0,0,0,0,0,15.3,100,17.12,200,17.6,200,18.32,700,18.4,100,19.58,200,20.32,100,20.48,400,0,0,0,0
160,7.74,700,7.84,100,9.13,100,9.29,700,9.67,200,9.99,200,0,0,0,0,0,0,0,0,15.3,100,17.12,200,17.6,200,18.32,700,18.4,100,19.58,300,20.32,100,20.48,400,0,0,0,0
160,7.74,700,7.84,100,9.13,100,9.29,700,9.67,200,9.99,200,0,0,0,0,0,0,0,0,15.3,100,17.12,200,17.6,200,18.32,700,18.4,100,19.58,300,20.32,100,20.48,300,0,0,0,0
160,7.74,700,7.84,100,9.13,100,9.29,700,9.67,200,9.99,200,0,0,0,0,0,0,0,0,15.3,100,17.12,200,17.6,200,18.32,700,18.4,100,19.58,400,20.32,100,20.48,300,0,0,0,0
160,7.74,700,7.84,100,9.13,100,9.29,700,9.67,200,9.99,200,0,0,0,0,0,0,0,0,15.3,100,17.12,200,17.6,200,18.32,700,18.4,100,19.58,400,20.32,100,20.48,200,0,0,0,0
160,7.74,700,7.84,100,9.13,100,9.29,700,9.67,200,9.99,200,0,0,0,0,0,0,0,0,15.3,100,17.12,200,17.6,200,18.32,700,18.4,100,19.58,500,20.32,100,20.48,200,0,0,0,0
160,7.74,700,7.84,100,9.13,100,9.29,700,9.67,200,9.99,200,0,0,0,0,0,0,0,0,15.3,100,17.12,200,17.6,200,18.32,700,18.4,100,19.58,500,20.32,100,20.48,100,0,0,0,0
160,7.74,700,7.84,100,9.13,100,9.29,700,9.67,200,9.99,200,0,0,0,0,0,0,0,0,15.3,100,17.12,200,17.6,200,18.32,700,18.4,100,19.58,600,20.32,100,20.48,100,0,0,0,0
160,7.74,700,7.84,100,9.13,100,9.29,700,9.67,200,9.99,200,0,0,0,0,0,0,0,0,15.3,100,17.12,200,17.6,200,18.32,700,18.4,100,19.58,600,20.32,100,0,0,0,0,0,0
160,7.74,700,7.84,100,9.13,100,9.29,700,9.67,200,9.99,200,0,0,0,0,0,0,0,0,15.3,100,17.12,200,17.6,200,18.32,700,18.4,100,19.58,700,20.32,100,0,0,0,0,0,0
160,7.74,700,7.84,100,9.13,100,9.29,700,9.67,200,9.99,200,10.18,700,0,0,0,0,0,0,15.3,100,17.12,200,17.6,200,18.32,700,18.4,100,19.58,700,20.32,100,0,0,0,0,0,0
160,7.74,700,7.84,100,9.13,100,9.29,700,9.67,200,9.99,200,10.18,700,0,0,0,0,0,0,15.3,100,16.11,700,17.12,200,17.6,200,18.32,700,18.4,100,19.58,700,20.32,100,0,0,0,0
160,7.74,700,7.84,100,9.13,100,9.29,700,9.67,200,9.99,200,10.18,700,0,0,0,0,0,0,15.3,100,16.11,700,17.12,100,17.6,200,18.32,700,18.4,100,19.58,700,20.32,100,0,0,0,0
160,7.74,700,7.84,100,9.13,100,9.29,700,9.67,200,9.99,200,10.18,700,0,0,0,0,0,0,15.3,100,16.11,700,16.38,100,17.12,100,17.6,200,18.32,700,18.4,100,19.58,700,20.32,100,0,0
160,7.74,700,7.84,100,9.13,100,9.29,700,9.67,200,9.99,200,10.18,700,0,0,0,0,0,0,15.3,100,16.11,700,16.38,100,17.12,100,17.6,100,18.32,700,18.4,100,19.58,700,20.32,100,0,0
160,7.74,700,7.84,100,9.13,100,9.29,700,9.67,200,9.99,200,10.18,700,0,0,0,0,0,0,15.3,100,16.11,700,16.38,100,16.83,100,17.12,100,17.6,100,18.32,700,18.4,100,19.58,700,20.32,100
160,7.74,700,7.84,100,9.13,100,9.29,700,9.67,200,9.99,200,10.18,700,0,0,0,0,0,0,15.3,100,16.11,700,16.38,100,16.83,100,17.6,100,18.32,700,18.4,100,19.58,700,20.32,100,0,0
160,7.74,700,7.84,100,9.13,100,9.29,700,9.67,200,9.99,200,10.18,700,0,0,0,0,0,0,15.3,100,16.11,700,16.38,200,16.83,100,17.6,100,18.32,700,18.4,100,19.58,700,20.32,100,0,0
160,7.74,700,7.84,100,9.13,100,9.29,700,9.67,200,9.99,200,10.18,700,0,0,0,0,0,0,15.3,100,16.11,700,16.38,200,16.83,100,18.32,700,18.4,100,19.58,700,20.32,100,0,0,0,0
160,7.74,700,7.84,100,9.13,100,9.29,700,9.67,200,9.99,200,10.18,700,0,0,0,0,0,0,15.3,100,16.11,700,16.38,200,16.83,200,18.32,700,18.4,100,19.58,700,20.32,100,0,0,0,0
160,7.74,700,7.84,100,9.13,100,9.29,700,9.67,200,9.99,200,10.18,700,0,0,0,0,0,0,15.3,100,16.11,700,16.38,200,16.83,200,18.32,700,19.58,700,20.32,100,0,0,0,0,0,0
160,7.74,700,7.84,100,9.13,100,9.29,700,9.67,200,9.99,200,10.18,700,0,0,0,0,0,0,15.3,100,16.11,700,16.38,200,16.83,200,17.6,100,18.32,700,19.58,700,20.32,100,0,0,0,0
160,7.74,700,7.84,100,9.13,100,9.29,700,9.67,200,9.99,200,10.18,700,0,0,0,0,0,0,15.3,100,16.11,700,16.38,200,16.83,200,17.6,100,18.32,700,19.58,700,0,0,0,0,0,0
160,7.74,700,7.84,100,9.13,100,9.29,700,9.67,200,9.99,200,10.18,700,0,0,0,0,0,0,15.3,100,16.11,700,16.38,200,16.83,200,17.6,100,18.32,700,19.44,100,19.58,700,0,0,0,0
160,7.74,700,7.84,100,9.13,100,9.29,700,9.67,200,9.99,200,10.05,700,10.18,700,0,0,0,0,15.3,100,16.11,700,16.38,200,16.83,200,17.6,100,18.32,700,19.44,100,19.58,700,0,0,0,0
160,7.74,700,7.84,100,9.13,100,9.29,700,9.67,200,9.99,200,10.05,700,10.18,700,0,0,0,0,15.3,100,16.11,700,16.3,700,16.38,200,16.83,200,17.6,100,18.32,700,19.44,100,19.58,700,0,0
160,7.74,700,7.84,100,9.13,100,9.29,700,9.67,200,9.99,200,10.05,700,10.18,700,11.76,100,0,0,15.3,100,16.11,700,16.3,700,16.38,200,16.83,200,17.6,100,18.32,700,19.44,100,19.58,700,0,0
160,7.74,600,7.84,100,9.13,100,9.29,700,9.67,200,9.99,200,10.05,700,10.18,700,11.76,100,0,0,15.3,100,16.11,700,16.3,700,16.38,200,16.83,200,17.6,100,18.32,700,19.44,100,19.58,700,0,0
160,7.74,600,7.84,100,8.47,100,9.13,100,9.29,700,9.67,200,9.99,200,10.05,700,10.18,700,11.76,100,15.3,100,16.11,700,16.3,700,16.38,200,16.83,200,17.6,100,18.32,700,19.44,100,19.58,700,0,0
160,7.74,500,7.84,100,8.47,100,9.13,100,9.29,700,9.67,200,9.99,200,10.05,700,10.18,700,11.76,100,15.3,100,16.11,700,16.3,700,16.38,200,16.83,200,17.6,100,18.32,700,19.44,100,19.58,700,0,0
160,7.74,500,7.84,100,8.47,200,9.13,100,9.29,700,9.67,200,9.99,200,10.05,700,10.18,700,11.76,100,15.3,100,16.11,700,16.3,700,16.38,200,16.83,200,17.6,100,18.32,700,19.44,100,19.58,700,0,0
160,7.74,400,7.84,100,8.47,200,9.13,100,9.29,700,9.67,200,9.99,200,10.05,700,10.18,700,11.76,100,15.3,100,16.11,700,16.3,700,16.38,200,16.83,200,17.6,100,18.32,700,19.44,100,19.58,700,0,0
160,7.74,400,7.84,100,8.47,300,9.13,100,9.29,700,9.67,200,9.99,200,10.05,700,10.18,700,11.76,100,15.3,100,16.11,700,16.3,700,16.38,200,16.83,200,17.6,100,18.32,700,19.44,100,19.58,700,0,0
160,7.74,300,7.84,100,8.47,300,9.13,100,9.29,700,9.67,200,9.99,200,10.05,700,10.18,700,11.76,100,15.3,100,16.11,700,16.3,700,16.38,200,16.83,200,17.6,100,18.32,700,19.44,100,19.58,700,0,0
160,7.74,300,7.84,100,8.47,400,9.13,100,9.29,700,9.67,200,9.99,200,10.05,700,10.18,700,11.76,100,15.3,100,16.11,700,16.3,700,16.38,200,16.83,200,17.6,100,18.32,700,19.44,100,19.58,700,0,0
160,7.74,200,7.84,100,8.47,400,9.13,100,9.29,700,9.67,200,9.99,200,10.05,700,10.18,700,11.76,100,15.3,100,16.11,700,16.3,700,16.38,200,16.83,200,17.6,100,18.32,700,19.44,100,19.58,700,0,0
160,7.74,200,7.84,100,8.47,500,9.13,100,9.29,700,9.67,200,9.99,200,10.05,700,10.18,700,11.76,100,15.3,100,16.11,700,16.3,700,16.38,200,16.83,200,17.6,100,18.32,700,19.44,100,19.58,700,0,0
160,7.74,100,7.84,100,8.47,500,9.13,100,9.29,700,9.67,200,9.99,200,10.05,700,10.18,700,11.76,100,15.3,100,16.11,700,16.3,700,16.38,200,16.83,200,17.6,100,18.32,700,19.44,100,19.58,700,0,0
160,7.74,100,7.84,100,8.47,600,9.13,100,9.29,700,9.67,200,9.99,200,10.05,700,10.18,700,11.76,100,15.3,100,16.11,700,16.3,700,16.38,200,16.83,200,17.6,100,18.32,700,19.44,100,19.58,700,0,0
160,7.84,100,8.47,600,9.13,100,9.29,700,9.67,200,9.99,200,10.05,700,10.18,700,11.76,100,0,0,15.3,100,16.11,700,16.3,700,16.38,200,16.83,200,17.6,100,18.32,700,19.44,100,19.58,700,0,0
160,7.84,100,8.47,700,9.13,100,9.29,700,9.67,200,9.99,200,10.05,700,10.18,700,11.76,100,0,0,15.3,100,16.11,700,16.3,700,16.38,200,16.83,200,17.6,100,18.32,700,19.44,100,19.58,700,0,0
160,7.84,100,8.47,700,9.13,100,9.29,700,9.67,200,9.99,100,10.05,700,10.18,700,11.76,100,0,0,15.3,100,16.11,700,16.3,700,16.38,200,16.83,200,17.6,100,18.32,700,19.44,100,19.58,700,0,0
160,7.84,100,8.47,700,9.13,100,9.29,700,9.67,200,9.99,100,10.05,700,10.18,700,10.93,100,11.76,100,15.3,100,16.11,700,16.3,700,16.38,200,16.83,200,17.6,100,18.32,700,19.44,100,19.58,700,0,0
160,7.84,100,8.47,700,9.13,100,9.29,700,9.67,100,9.99,100,10.05,700,10.18,700,10.93,100,11.76,100,15.3,100,16.11,700,16.3,700,16.38,200,16.83,200,17.6,100,18.32,700,19.44,100,19.58,700,0,0
160,7.84,100,8.47,700,9.13,100,9.29,700,9.67,100,9.99,100,10.05,700,10.18,700,10.58,100,10.93,100,15.3,100,16.11,700,16.3,700,16.38,200,16.83,200,17.6,100,18.32,700,19.44,100,19.58,700,0,0
160,8.47,700,9.13,100,9.29,700,9.67,100,9.99,100,10.05,700,10.18,700,10.58,100,10.93,100,11.76,100,15.3,100,16.11,700,16.3,700,16.38,200,16.83,200,17.6,100,18.32,700,19.44,100,19.58,700,0,0
160,8.47,700,8.58,100,9.13,100,9.29,700,9.67,100,9.99,100,10.05,700,10.18,700,10.58,100,10.93,100,15.3,100,16.11,700,16.3,700,16.38,200,16.83,200,17.6,100,18.32,700,19.44,100,19.58,700,0,0
160,8.47,700,8.58,100,9.29,700,9.67,100,9.99,100,10.05,700,10.18,700,10.58,100,10.93,100,11.76,100,15.3,100,16.11,700,16.3,700,16.38,200,16.83,200,17.6,100,18.32,700,19.44,100,19.58,700,0,0
160,8.47,700,8.58,100,9.29,700,9.67,100,9.99,200,10.05,700,10.18,700,10.58,100,10.93,100,11.76,100,15.3,100,16.11,700,16.3,700,16.38,200,16.83,200,17.6,100,18.32,700,19.44,100,19.58,700,0,0
160,8.47,700,8.58,100,9.29,700,9.99,200,10.05,700,10.18,700,10.58,100,10.93,100,11.76,100,0,0,15.3,100,16.11,700,16.3,700,16.38,200,16.83,200,17.6,100,18.32,700,19.44,100,19.58,700,0,0
160,8.47,700,8.58,100,9.29,700,9.99,200,10.05,700,10.18,700,10.58,200,10.93,100,11.76,100,0,0,15.3,100,16.11,700,16.3,700,16.38,200,16.83,200,17.6,100,18.32,700,19.44,100,19.58,700,0,0
160,8.47,700,8.58,100,9.29,700,9.99,100,10.05,700,10.18,700,10.58,200,10.93,100,11.76,100,0,0,15.3,100,16.11,700,16.3,700,16.38,200,16.83,200,17.6,100,18.32,700,19.44,100,19.58,700,0,0
160,8.47,700,8.58,100,9.29,700,9.99,100,10.05,700,10.18,700,10.58,200,10.93,200,11.76,100,0,0,15.3,100,16.11,700,16.3,700,16.38,200,16.83,200,17.6,100,18.32,700,19.44,100,19.58,700,0,0
160,8.47,700,8.58,100,9.29,700,9.99,100,10.05,700,10.18,700,10.58,200,10.75,700,10.93,200,11.76,100,15.3,100,16.11,700,16.3,700,16.38,200,16.83,200,17.6,100,18.32,700,19.44,100,19.58,700,0,0
160,8.47,700,8.58,100,9.29,700,9.99,100,10.18,700,10.58,200,10.75,700,10.93,200,11.76,100,0,0,15.3,100,16.11,700,16.3,700,16.38,200,16.83,200,17.6,100,18.32,700,19.44,100,19.58,700,0,0
160,8.47,700,8.58,100,9.29,700,9.99,100,10.18,700,10.58,200,10.75,700,10.93,200,10.99,700,11.76,100,15.3,100,16.11,700,16.3,700,16.38,200,16.83,200,17.6,100,18.32,700,19.44,100,19.58,700,0,0
160,8.47,700,8.58,100,9.29,700,9.99,100,10.18,700,10.58,200,10.93,200,10.99,700,11.76,100,0,0,15.3,100,16.11,700,16.3,700,16.38,200,16.83,200,17.6,100,18.32,700,19.44,100,19.58,700,0,0
160,8.47,700,8.58,100,9.29,700,9.99,100,10.18,700,10.58,200,10.93,200,10.99,700,11.76,100,0,0,15.3,100,16.11,700,16.15,700,16.3,700,16.38,200,16.83,200,17.6,100,18.32,700,19.44,100,19.58,700
160,8.47,700,8.58,100,9.29,700,9.99,100,10.18,700,10.58,200,10.93,200,10.99,700,11.76,100,0,0,15.3,100,16.11,700,16.15,700,16.3,700,16.38,200,16.83,200,17.6,100,19.44,100,19.58,700,0,0
160,8.47,700,8.58,100,9.29,700,9.99,800,10.18,700,10.58,200,10.93,200,10.99,700,11.76,100,0,0,15.3,100,16.11,700,16.15,700,16.3,700,16.38,200,16.83,200,17.6,100,19.44,100,19.58,700,0,0
160,8.47,700,8.58,100,9.99,800,10.18,700,10.58,200,10.93,200,10.99,700,11.76,100,0,0,0,0,15.3,100,16.11,700,16.15,700,16.3,700,16.38,200,16.83,200,17.6,100,19.44,100,19.58,700,0,0
160,8.47,700,8.58,100,9.99,800,10.18,700,10.26,700,10.58,200,10.93,200,10.99,700,11.76,100,0,0,15.3,100,16.11,700,16.15,700,16.3,700,16.38,200,16.83,200,17.6,100,19.44,100,19.58,700,0,0
160,8.47,700,8.58,100,9.99,100,10.18,700,10.26,700,10.58,200,10.93,200,10.99,700,11.76,100,0,0,15.3,100,16.11,700,16.15,700,16.3,700,16.38,200,16.83,200,17.6,100,19.44,100,19.58,700,0,0
160,8.47,700,8.58,100,9.99,100,10.18,700,10.26,700,10.58,200,10.93,200,10.99,700,11.14,700,11.76,100,15.3,100,16.11,700,16.15,700,16.3,700,16.38,200,16.83,200,17.6,100,19.44,100,19.58,700,0,0
160,8.47,700,8.58,100,9.99,100,10.26,700,10.58,200,10.93,200,10.99,700,11.14,700,11.76,100,0,0,15.3,100,16.11,700,16.15,700,16.3,700,16.38,200,16.83,200,17.6,100,19.44,100,19.58,700,0,0
160,8.47,700,8.58,100,9.99,100,10.26,700,10.53,700,10.58,200,10.93,200,10.99,700,11.14,700,11.76,100,15.3,100,16.11,700,16.15,700,16.3,700,16.38,200,16.83,200,17.6,100,19.44,100,19.58,700,0,0
160,8.47,700,8.58,100,9.99,100,10.53,700,10.58,200,10.93,200,10.99,700,11.14,700,11.76,100,0,0,15.3,100,16.11,700,16.15,700,16.3,700,16.38,200,16.83,200,17.6,100,19.44,100,19.58,700,0,0
160,8.47,700,8.58,100,9.99,100,10.53,700,10.58,200,10.8,700,10.93,200,10.99,700,11.14,700,11.76,100,15.3,100,16.11,700,16.15,700,16.3,700,16.38,200,16.83,200,17.6,100,19.44,100,19.58,700,0,0
160,8.47,700,8.58,100,9.99,100,10.58,200,10.8,700,10.93,200,10.99,700,11.14,700,11.76,100,0,0,15.3,100,16.11,700,16.15,700,16.3,700,16.38,200,16.83,200,17.6,100,19.44,100,19.58,700,0,0
160,8.47,700,8.58,100,9.99,100,10.58,200,10.8,700,10.93,200,10.99,700,11.07,700,11.14,700,11.76,100,15.3,100,16.11,700,16.15,700,16.3,700,16.38,200,16.83,200,17.6,100,19.44,100,19.58,700,0,0
160,8.47,700,8.58,100,9.99,100,10.58,200,10.93,200,10.99,700,11.07,700,11.14,700,11.76,100,0,0,15.3,100,16.11,700,16.15,700,16.3,700,16.38,200,16.83,200,17.6,100,19.44,100,19.58,700,0,0
160,8.47,700,8.58,100,9.99,100,10.58,200,10.84,100,10.93,200,10.99,700,11.07,700,11.14,700,11.76,100,15.3,100,16.11,700,16.15,700,16.3,700,16.38,200,16.83,200,17.6,100,19.44,100,19.58,700,0,0
160,8.47,700,8.58,100,9.99,100,10.58,200,10.84,100,10.93,200,10.99,700,11.07,700,11.14,700,11.76,100,15.3,100,16.11,700,16.15,700,16.3,700,16.38,200,16.49,100,16.83,200,17.6,100,19.44,100,19.58,700
160,8.47,700,8.58,100,9.99,100,10.58,200,10.84,100,10.93,200,10.99,700,11.05,100,11.07,700,11.14,700,15.3,100,16.11,700,16.15,700,16.3,700,16.38,200,16.49,100,16.83,200,17.6,100,19.44,100,19.58,700
160,8.47,700,8.58,100,9.99,100,10.58,200,10.84,100,10.93,200,10.99,700,11.05,100,11.07,700,11.14,700,15.3,100,16.11,700,16.15,700,16.22,100,16.3,700,16.38,200,16.49,100,16.83,200,17.6,100,19.44,100
160,8.47,700,8.58,100,9.99,100,10.58,200,10.84,100,10.93,200,10.99,700,11.05,100,11.07,700,11.14,700,15.3,100,16.11,700,16.15,700,16.22,100,16.3,700,16.38,200,16.49,100,16.83,200,17.6,100,19.44,100
160,8.47,700,8.58,100,9.99,100,10.58,200,10.84,100,10.93,200,10.99,700,11.05,100,11.07,700,11.14,700,15.3,100,15.91,100,16.11,700,16.15,700,16.22,100,16.3,700,16.38,200,16.49,100,16.83,200,17.6,100
160,8.47,800,8.58,100,9.99,100,10.58,200,10.84,100,10.93,200,10.99,700,11.05,100,11.07,700,11.14,700,15.3,100,15.91,100,16.11,700,16.15,700,16.22,100,16.3,700,16.38,200,16.49,100,16.83,200,17.6,100
160,8.47,800,8.58,100,9.99,100,10.58,200,10.84,100,10.93,200,10.99,700,11.05,100,11.07,700,11.14,700,15.3,100,15.91,100,16.11,700,16.15,700,16.22,100,16.3,700,16.38,200,16.49,100,16.83,200,17.6,100
160,8.47,800,8.58,100,9.99,100,10.58,200,10.84,100,10.93,200,10.99,700,11.05,100,11.07,700,11.14,700,15.3,100,15.91,100,16.11,700,16.15,700,16.22,100,16.3,700,16.38,200,16.49,100,16.83,200,17.6,100
160,8.47,800,8.58,100,9.99,100,10.58,200,10.84,100,10.93,200,10.99,700,11.05,100,11.07,700,11.14,700,15.3,100,15.61,100,15.91,100,16.11,700,16.15,700,16.22,100,16.3,700,16.38,200,16.49,100,16.83,200
160,8.47,800,8.58,100,9.99,100,10.11,100,10.58,200,10.84,100,10.93,200,10.99,700,11.05,100,11.07,700,15.3,100,15.61,100,15.91,100,16.11,700,16.15,700,16.22,100,16.3,700,16.38,200,16.49,100,16.83,200
160,8.47,800,8.58,100,9.99,100,10.11,100,10.58,200,10.84,100,10.93,200,10.99,700,11.05,100,11.07,700,15.3,100,15.61,100,15.91,100,16.11,700,16.15,700,16.22,100,16.3,700,16.38,200,16.49,100,16.83,200
160,8.47,800,8.58,100,9.99,100,10.11,100,10.58,200,10.84,100,10.93,200,10.99,700,11.01,100,11.05,100,15.3,100,15.61,100,15.91,100,16.11,700,16.15,700,16.22,100,16.3,700,16.38,200,16.49,100,16.83,200
160,8.47,800,8.58,100,9.99,100,10.11,100,10.58,200,10.84,100,10.93,200,10.99,700,11.01,100,11.05,100,15.3,100,15.61,100,15.91,100,16.1,100,16.11,700,16.15,700,16.22,100,16.3,700,16.38,200,16.49,100
160,8.47,800,8.58,100,9.99,100,10.11,100,10.58,200,10.84,100,10.93,200,10.99,700,11.01,100,11.05,100,15.3,100,15.61,100,15.91,100,16.1,100,16.11,700,16.15,700,16.22,100,16.3,700,16.38,200,16.49,100
160,8.47,900,8.58,100,9.99,100,10.11,100,10.58,200,10.84,100,10.93,200,10.99,700,11.01,100,11.05,100,15.3,100,15.61,100,15.91,100,16.1,100,16.11,700,16.15,700,16.22,100,16.3,700,16.38,200,16.49,100
160,8.47,900,8.58,100,9.99,100,10.11,100,10.58,200,10.84,100,10.92,100,10.93,200,10.99,700,11.01,100,15.3,100,15.61,100,15.91,100,16.1,100,16.11,700,16.15,700,16.22,100,16.3,700,16.38,200,16.49,100
160,8.47,900,8.58,100,9.99,100,10.11,100,10.58,200,10.84,100,10.92,100,10.93,200,10.99,700,11.01,100,15.3,100,15.61,100,15.91,100,16.1,100,16.11,700,16.15,700,16.2,100,16.22,100,16.3,700,16.38,200
160,8.47,900,8.58,100,9.99,100,10.11,100,10.58,200,10.84,100,10.92,200,10.93,200,10.99,700,11.01,100,15.3,100,15.61,100,15.91,100,16.1,100,16.11,700,16.15,700,16.2,100,16.22,100,16.3,700,16.38,200
160,8.47,900,8.58,100,9.99,100,10.11,100,10.58,200,10.84,100,10.92,200,10.93,200,10.99,700,11.01,100,15.3,100,15.61,100,15.91,100,16.1,100,16.11,700,16.15,700,16.2,200,16.22,100,16.3,700,16.38,200
160,8.47,900,8.58,100,9.41,100,9.99,100,10.11,100,10.58,200,10.84,100,10.92,200,10.93,200,10.99,700,15.3,100,15.61,100,15.91,100,16.1,100,16.11,700,16.15,700,16.2,200,16.22,100,16.3,700,16.38,200
160,8.47,900,8.58,100,9.41,100,9.99,100,10.11,100,10.58,200,10.84,100,10.92,200,10.93,200,10.99,700,15.3,100,15.61,100,15.91,100,16.1,100,16.11,700,16.15,700,16.2,200,16.22,100,16.3,700,16.38,200
160,8.47,900,8.58,100,9.41,100,9.99,100,10.11,100,10.58,200,10.84,100,10.92,200,10.93,200,10.99,700,15.3,100,15.61,100,15.91,100,16.1,100,16.11,700,16.15,700,16.2,200,16.22,100,16.3,700,16.38,200
160,8.47,900,8.58,100,9.41,200,9.99,100,10.11,100,10.58,200,10.84,100,10.92,200,10.93,200,10.99,700,15.3,100,15.61,100,15.91,100,16.1,100,16.11,700,16.15,700,16.2,200,16.22,100,16.3,700,16.38,200
160,8.47,900,8.58,100,9.41,200,9.99,100,10.11,100,10.58,200,10.84,100,10.92,200,10.93,200,10.99,700,15.3,100,15.61,100,15.91,100,16.1,100,16.11,700,16.15,700,16.2,200,16.22,100,16.3,700,16.38,200
160,8.47,900,8.58,100,9.41,200,9.99,100,10.11,100,10.58,200,10.84,100,10.92,200,10.93,200,10.99,700,15.3,100,15.61,100,15.91,100,15.98,100,16.1,100,16.11,700,16.15,700,16.2,200,16.22,100,16.3,700
160,8.47,800,8.58,100,9.41,200,9.99,100,10.11,100,10.58,200,10.84,100,10.92,200,10.93,200,10.99,700,15.3,100,15.61,100,15.91,100,15.98,100,16.1,100,16.11,700,16.15,700,16.2,200,16.22,100,16.3,700
160,8.47,800,8.58,100,9.41,200,9.55,100,9.99,100,10.11,100,10.58,200,10.84,100,10.92,200,10.93,200,15.3,100,15.61,100,15.91,100,15.98,100,16.1,100,16.11,700,16.15,700,16.2,200,16.22,100,16.3,700
160,8.47,700,8.58,100,9.41,200,9.55,100,9.99,100,10.11,100,10.58,200,10.84,100,10.92,200,10.93,200,15.3,100,15.61,100,15.91,100,15.98,100,16.1,100,16.11,700,16.15,700,16.2,200,16.22,100,16.3,700
160,8.47,700,8.58,100,9.41,200,9.55,200,9.99,100,10.11,100,10.58,200,10.84,100,10.92,200,10.93,200,15.3,100,15.61,100,15.91,100,15.98,100,16.1,100,16.11,700,16.15,700,16.2,200,16.22,100,16.3,700
160,8.47,600,8.58,100,9.41,200,9.55,200,9.99,100,10.11,100,10.58,200,10.84,100,10.92,200,10.93,200,15.3,100,15.61,100,15.91,100,15.98,100,16.1,100,16.11,700,16.15,700,16.2,200,16.22,100,16.3,700
160,8.47,600,8.58,100,9.41,200,9.55,300,9.99,100,10.11,100,10.58,200,10.84,100,10.92,200,10.93,200,15.3,100,15.61,100,15.91,100,15.98,100,16.1,100,16.11,700,16.15,700,16.2,200,16.22,100,16.3,700
160,8.47,500,8.58,100,9.41,200,9.55,300,9.99,100,10.11,100,10.58,200,10.84,100,10.92,200,10.93,200,15.3,100,15.61,100,15.91,100,15.98,100,16.1,100,16.11,700,16.15,700,16.2,200,16.22,100,16.3,700
160,8.47,500,8.58,100,9.41,200,9.55,400,9.99,100,10.11,100,10.58,200,10.84,100,10.92,200,10.93,200,15.3,100,15.61,100,15.91,100,15.98,100,16.1,100,16.11,700,16.15,700,16.2,200,16.22,100,16.3,700
160,8.47,400,8.58,100,9.41,200,9.55,400,9.99,100,10.11,100,10.58,200,10.84,100,10.92,200,10.93,200,15.3,100,15.61,100,15.91,100,15.98,100,16.1,100,16.11,700,16.15,700,16.2,200,16.22,100,16.3,700
160,8.47,400,8.58,100,9.41,200,9.55,500,9.99,100,10.11,100,10.58,200,10.84,100,10.92,200,10.93,200,15.3,100,15.61,100,15.91,100,15.98,100,16.1,100,16.11,700,16.15,700,16.2,200,16.22,100,16.3,700
160,8.47,300,8.58,100,9.41,200,9.55,500,9.99,100,10.11,100,10.58,200,10.84,100,10.92,200,10.93,200,15.3,100,15.61,100,15.91,100,15.98,100,16.1,100,16.11,700,16.15,700,16.2,200,16.22,100,16.3,700
160,8.47,300,8.58,100,9.41,200,9.55,600,9.99,100,10.11,100,10.58,200,10.84,100,10.92,200,10.93,200,15.3,100,15.61,100,15.91,100,15.98,100,16.1,100,16.11,700,16.15,700,16.2,200,16.22,100,16.3,700
160,8.47,200,8.58,100,9.41,200,9.55,600,9.99,100,10.11,100,10.58,200,10.84,100,10.92,200,10.93,200,15.3,100,15.61,100,15.91,100,15.98,100,16.1,100,16.11,700,16.15,700,16.2,200,16.22,100,16.3,700
160,8.47,200,8.58,100,9.41,200,9.55,700,9.99,100,10.11,100,10.58,200,10.84,100,10.92,200,10.93,200,15.3,100,15.61,100,15.91,100,15.98,100,16.1,100,16.11,700,16.15,700,16.2,200,16.22,100,16.3,700
160,8.47,100,8.58,100,9.41,200,9.55,700,9.99,100,10.11,100,10.58,200,10.84,100,10.92,200,10.93,200,15.3,100,15.61,100,15.91,100,15.98,100,16.1,100,16.11,700,16.15,700,16.2,200,16.22,100,16.3,700
160,8.47,100,8.58,100,9.41,200,9.55,800,9.99,100,10.11,100,10.58,200,10.84,100,10.92,200,10.93,200,15.3,100,15.61,100,15.91,100,15.98,100,16.1,100,16.11,700,16.15,700,16.2,200,16.22,100,16.3,700
160,8.58,100,9.41,200,9.55,800,9.99,100,10.11,100,10.58,200,10.84,100,10.92,200,10.93,200,10.99,700,15.3,100,15.61,100,15.91,100,15.98,100,16.1,100,16.11,700,16.15,700,16.2,200,16.22,100,16.3,700
160,8.58,100,9.41,200,9.55,900,9.99,100,10.11,100,10.58,200,10.84,100,10.92,200,10.93,200,10.99,700,15.3,100,15.61,100,15.91,100,15.98,100,16.1,100,16.11,700,16.15,700,16.2,200,16.22,100,16.3,700
160,8.58,100,9.41,200,9.55,900,9.99,100,10.11,100,10.58,200,10.84,100,10.92,200,10.93,200,10.99,700,15.3,100,15.61,100,15.91,100,15.98,100,16.1,100,16.11,700,16.15,700,16.2,200,16.22,100,16.3,700
160,8.58,100,9.41,200,9.55,900,9.99,100,10.11,100,10.58,200,10.84,100,10.92,200,10.93,200,10.99,700,15.3,100,15.61,100,15.91,100,15.98,100,16.1,100,16.11,700,16.15,700,16.2,200,16.22,100,16.3,700
160,8.58,100,9.41,200,9.55,900,9.99,100,10.11,100,10.58,200,10.84,100,10.92,200,10.93,200,10.99,700,15.3,100,15.61,100,15.91,100,15.98,100,16.1,100,16.11,700,16.15,700,16.2,200,16.22,100,16.3,700
160,8.58,100,9.41,200,9.55,900,9.99,100,10.11,100,10.58,200,10.84,100,10.92,200,10.93,200,10.99,700,15.3,100,15.61,100,15.91,100,15.98,100,16.1,100,16.11,700,16.15,700,16.2,200,16.22,100,16.3,700
160,8.58,100,9.41,200,9.55,900,9.99,100,10.11,100,10.58,200,10.84,100,10.92,200,10.93,200,10.99,700,15.3,100,15.61,100,15.91,100,15.98,100,16.1,100,16.11,700,16.15,700,16.2,200,16.22,100,16.3,700
160,8.58,100,9.41,200,9.55,900,9.99,100,10.11,100,10.58,200,10.84,100,10.92,200,10.93,200,10.99,700,15.3,100,15.61,100,15.91,100,15.98,100,16.1,100,16.11,700,16.15,700,16.2,200,16.22,100,16.3,700
160,8.58,100,9.41,200,9.55,900,9.99,100,10.11,100,10.58,200,10.84,100,10.92,200,10.93,200,10.99,700,15.3,100,15.61,100,15.91,100,15.98,100,16.1,100,16.11,700,16.15,700,16.2,200,16.22,100,16.3,700
160,8.58,100,9.41,200,9.55,900,9.99,100,10.11,100,10.58,200,10.84,100,10.92,200,10.93,200,10.99,700,15.3,100,15.61,100,15.91,100,15.98,100,16.1,100,16.11,700,16.15,700,16.2,200,16.22,100,16.3,700
160,8.58,100,9.41,200,9.55,900,9.99,100,10.11,100,10.58,200,10.84,100,10.92,200,10.93,200,10.99,700,15.3,100,15.61,100,15.91,100,15.98,100,16.1,100,16.11,700,16.15,700,16.2,200,16.22,100,16.3,700
160,8.58,100,9.41,200,9.55,900,9.99,100,10.11,100,10.58,200,10.84,100,10.92,200,10.93,200,10.99,700,15.3,100,15.61,100,15.91,100,15.98,100,16.1,100,16.11,700,16.15,700,16.2,200,16.22,100,16.3,700
160,8.58,100,9.41,200,9.55,900,9.99,100,10.11,100,10.58,200,10.84,100,10.92,200,10.93,200,10.99,700,15.3,100,15.61,100,15.91,100,15.98,100,16.1,100,16.11,700,16.15,700,16.2,200,16.22,100,16.3,700
160,8.58,100,9.41,200,9.55,900,9.99,100,10.11,100,10.58,200,10.84,100,10.92,200,10.93,200,10.99,700,15.3,100,15.61,100,15.91,100,15.98,100,16.1,100,16.11,700,16.15,700,16.2,200,16.22,100,16.3,700
160,8.58,100,9.41,200,9.55,900,9.99,100,10.11,100,10.58,200,10.84,100,10.92,200,10.93,200,10.99,700,15.3,100,15.61,100,15.91,100,15.98,100,16.1,100,16.11,700,16.15,700,16.2,200,16.22,100,16.3,700
160,8.58,100,9.41,200,9.55,900,9.99,100,10.11,100,10.58,200,10.84,100,10.92,200,10.93,200,10.99,700,15.3,100,15.61,100,15.91,100,15.98,100,16.1,100,16.11,700,16.15,700,16.2,200,16.22,100,16.3,700
160,8.58,100,9.41,200,9.55,900,9.99,100,10.11,100,10.58,200,10.84,100,10.92,200,10.93,200,10.99,700,15.3,100,15.61,100,15.91,100,15.98,100,16.1,100,16.11,700,16.15,700,16.2,200,16.22,100,16.3,700
160,8.58,100,9.41,200,9.55,900,9.99,100,10.11,100,10.58,200,10.84,100,10.92,200,10.93,200,10.99,700,15.3,100,15.61,100,15.91,100,15.98,100,16.1,100,16.11,700,16.15,700,16.2,200,16.22,100,16.3,700
160,8.58,100,9.41,200,9.55,900,9.99,100,10.11,100,10.58,200,10.84,100,10.92,200,10.93,200,10.99,700,15.3,100,15.61,100,15.91,100,15.98,100,16.1,100,16.11,700,16.15,700,16.2,200,16.22,100,16.3,700
160,8.58,100,9.41,200,9.55,900,9.99,100,10.11,100,10.58,200,10.84,100,10.92,200,10.93,200,10.99,700,15.3,100,15.61,100,15.91,100,15.98,100,16.1,100,16.11,700,16.15,700,16.2,200,16.22,100,16.3,700
160,8.58,100,9.41,200,9.55,900,9.99,100,10.11,100,10.58,200,10.84,100,10.92,200,10.93,200,10.99,700,15.3,100,15.61,100,15.91,100,15.98,100,16.1,100,16.11,700,16.15,700,16.2,200,16.22,100,16.3,700
160,8.58,100,9.41,100,9.55,900,9.99,100,10.11,100,10.58,200,10.84,100,10.92,200,10.93,200,10.99,700,15.3,100,15.61,100,15.91,100,15.98,100,16.1,100,16.11,700,16.15,700,16.2,200,16.22,100,16.3,700
160,8.58,100,9.41,100,9.55,900,9.99,100,10.11,100,10.58,200,10.61,100,10.84,100,10.92,200,10.93,200,15.3,100,15.61,100,15.91,100,15.98,100,16.1,100,16.11,700,16.15,700,16.2,200,16.22,100,16.3,700
160,8.58,100,9.41,100,9.55,900,9.99,100,10.11,100,10.58,200,10.61,100,10.84,100,10.92,200,10.93,200,15.3,100,15.61,100,15.91,100,15.98,100,16.1,100,16.11,700,16.15,700,16.2,200,16.22,100,16.3,700
160,8.58,100,9.41,100,9.55,900,9.99,100,10.11,100,10.58,200,10.61,100,10.84,100,10.92,200,10.93,200,15.3,100,15.61,100,15.91,100,15.98,100,16.1,100,16.11,700,16.15,700,16.2,200,16.22,100,16.3,700
160,8.58,100,9.41,100,9.55,900,9.99,100,10.11,100,10.58,200,10.61,100,10.84,100,10.92,200,10.93,200,15.3,100,15.61,100,15.91,100,16.1,100,16.11,700,16.15,700,16.2,200,16.22,100,16.3,700,16.38,200
160,8.58,100,9.55,900,9.99,100,10.11,100,10.58,200,10.61,100,10.84,100,10.92,200,10.93,200,10.99,700,15.3,100,15.61,100,15.91,100,16.1,100,16.11,700,16.15,700,16.2,200,16.22,100,16.3,700,16.38,200
160,8.58,100,9.55,900,9.99,100,10.11,100,10.58,200,10.61,100,10.84,100,10.92,200,10.93,200,10.99,700,15.3,100,15.61,100,15.91,100,16.1,100,16.11,700,16.15,700,16.2,200,16.22,100,16.3,700,16.38,200
160,8.58,100,9.55,900,9.99,100,10.11,100,10.58,200,10.61,100,10.84,100,10.92,200,10.93,200,10.99,700,15.3,100,15.61,100,15.91,100,16.1,100,16.11,700,16.15,700,16.2,200,16.22,100,16.3,700,16.38,200
160,8.58,100,9.55,900,9.99,100,10.58,200,10.61,100,10.84,100,10.92,200,10.93,200,10.99,700,11.01,100,15.3,100,15.61,100,15.91,100,16.1,100,16.11,700,16.15,700,16.2,200,16.22,100,16.3,700,16.38,200
160,8.58,100,9.55,900,9.99,100,10.58,200,10.61,100,10.84,100,10.92,200,10.93,200,10.99,700,11.01,100,15.3,100,15.61,100,15.91,100,16.1,100,16.11,700,16.15,700,16.2,200,16.22,100,16.3,700,16.38,300
160,8.58,100,9.55,900,9.99,100,10.58,200,10.61,200,10.84,100,10.92,200,10.93,200,10.99,700,11.01,100,15.3,100,15.61,100,15.91,100,16.1,100,16.11,700,16.15,700,16.2,200,16.22,100,16.3,700,16.38,300
160,8.58,100,9.55,900,9.99,100,10.58,200,10.61,200,10.84,100,10.92,200,10.93,200,10.99,700,11.01,100,15.3,100,15.61,100,15.91,100,16.1,100,16.11,700,16.15,700,16.2,200,16.22,100,16.3,700,16.38,300
160,8.58,100,9.55,900,9.99,100,10.58,200,10.61,200,10.84,100,10.92,200,10.93,200,10.99,700,11.01,100,15.3,100,15.61,100,15.91,100,16.1,100,16.11,700,16.15,700,16.2,200,16.22,100,16.3,700,16.38,300
160,8.58,100,9.55,900,9.99,100,10.58,200,10.61,200,10.92,200,10.93,200,10.99,700,11.01,100,11.05,100,15.3,100,15.61,100,15.91,100,16.1,100,16.11,700,16.15,700,16.2,200,16.22,100,16.3,700,16.38,300
160,8.58,100,9.55,900,9.99,100,10.58,200,10.61,200,10.92,200,10.93,200,10.99,700,11.01,100,11.05,100,15.3,100,15.61,100,15.91,100,16.1,100,16.11,700,16.15,700,16.2,200,16.22,100,16.3,700,16.38,300
160,8.58,100,9.55,900,9.99,100,10.58,200,10.61,200,10.92,200,10.93,200,10.99,700,11.01,100,11.05,100,15.3,100,15.61,100,15.91,100,16.1,100,16.11,700,16.15,700,16.2,200,16.22,100,16.3,700,16.38,300
160,8.58,100,9.55,900,9.99,100,10.58,200,10.61,200,10.92,200,10.93,200,10.99,700,11.01,100,11.05,100,15.3,100,15.47,100,15.61,100,15.91,100,16.1,100,16.11,700,16.15,700,16.2,200,16.22,100,16.3,700
160,8.58,100,9.55,900,9.99,100,10.58,200,10.61,200,10.92,200,10.93,200,10.99,700,11.01,100,11.05,100,15.3,100,15.47,100,15.61,100,15.91,100,16.1,100,16.11,700,16.15,700,16.2,200,16.22,100,16.3,700
160,8.58,100,9.55,900,9.99,100,10.58,200,10.61,200,10.92,200,10.93,200,10.99,700,11.01,100,11.05,100,15.3,100,15.31,2,15.47,100,15.61,100,15.91,100,16.1,100,16.11,700,16.15,700,16.2,200,16.22,100
160,8.58,100,9.55,900,9.99,100,10.58,100,10.61,200,10.92,200,10.93,200,10.99,700,11.01,100,11.05,100,15.3,100,15.31,2,15.47,100,15.61,100,15.91,100,16.1,100,16.11,700,16.15,700,16.2,200,16.22,100
160,8.58,100,9.55,900,9.99,100,10.58,100,10.61,200,10.92,200,10.93,200,10.99,700,11.01,100,11.05,100,15.3,100,15.31,2,15.47,100,15.61,100,15.91,100,16.1,100,16.11,700,16.15,700,16.2,200,16.22,100
160,8.58,100,9.55,900,9.99,100,10.58,100,10.61,200,10.92,200,10.93,200,10.99,700,11.01,100,11.05,100,15.3,100,15.31,2,15.47,100,15.61,100,15.91,100,16.1,100,16.11,700,16.15,700,16.2,200,16.22,100
160,8.58,100,9.55,900,9.99,100,10.58,100,10.61,200,10.92,200,10.93,200,10.99,700,11.01,100,11.05,100,15.3,100,15.31,2,15.47,100,15.61,100,15.8,100,15.91,100,16.1,100,16.11,700,16.15,700,16.2,200
160,8.58,100,9.55,900,9.99,100,10.58,100,10.61,200,10.92,200,10.93,200,10.99,700,11.01,100,11.05,100,15.3,100,15.31,2,15.47,100,15.61,100,15.8,100,15.91,100,16.1,100,16.11,700,16.15,700,16.2,200
160,8.58,100,9.55,900,9.99,100,10.58,100,10.61,200,10.92,200,10.93,200,10.99,700,11.01,100,11.05,100,15.3,100,15.31,2,15.47,100,15.61,100,15.8,100,15.91,100,16.1,100,16.11,700,16.15,700,16.2,200
160,8.58,100,9.55,900,9.99,100,10.58,100,10.61,200,10.92,200,10.93,200,10.99,700,11.01,100,11.05,100,15.3,100,15.31,2,15.47,100,15.61,100,15.8,100,15.91,100,16.1,100,16.11,700,16.15,700,16.2,200
160,8.58,100,9.55,900,9.99,100,10.58,100,10.61,200,10.92,200,10.93,200,10.99,700,11.01,100,11.05,100,15.3,100,15.31,2,15.47,100,15.61,100,15.8,100,15.91,100,16.1,100,16.11,700,16.15,700,16.2,200
160,8.58,100,9.55,900,9.99,100,10.58,100,10.61,200,10.92,200,10.93,200,10.99,700,11.01,100,11.05,100,15.3,100,15.31,2,15.47,100,15.61,100,15.8,100,15.91,100,16.1,100,16.11,700,16.15,700,16.2,200
160,8.58,100,9.55,900,9.99,100,10.58,100,10.61,200,10.92,200,10.93,200,10.99,700,11.01,100,11.05,100,15.3,100,15.31,2,15.47,100,15.61,100,15.8,100,15.91,100,16.1,100,16.11,700,16.15,700,16.2,200
160,8.58,100,9.55,900,9.99,100,10.58,100,10.61,200,10.92,200,10.93,200,10.99,700,11.01,100,11.05,100,15.3,100,15.31,2,15.47,100,15.61,100,15.8,100,15.91,100,16.1,100,16.11,700,16.15,700,16.2,200
160,8.58,100,9.55,900,9.99,100,10.58,100,10.61,200,10.92,200,10.93,200,10.99,700,11.01,100,11.05,100,15.3,100,15.31,2,15.47,100,15.61,100,15.8,100,15.91,100,16.1,100,16.11,700,16.15,700,16.2,200
160,8.58,100,9.55,900,9.99,100,10.58,100,10.61,200,10.92,200,10.93,200,10.99,700,11.01,100,11.05,100,15.3,100,15.31,2,15.47,100,15.61,100,15.8,100,15.91,100,16.1,100,16.11,700,16.15,700,16.2,200
160,8.58,100,9.55,900,9.99,100,10.58,100,10.61,200,10.92,200,10.93,200,10.99,700,11.01,100,11.05,100,15.3,100,15.31,2,15.47,100,15.61,100,15.8,100,15.91,100,16.1,100,16.11,700,16.15,700,16.2,200
160,8.58,100,9.55,900,9.99,100,10.58,100,10.61,200,10.92,200,10.93,200,10.99,700,11.01,100,11.05,100,15.3,100,15.31,2,15.47,100,15.61,100,15.8,100,15.91,100,16.1,100,16.11,700,16.15,700,16.2,200
160,8.58,100,9.55,900,9.99,100,10.58,100,10.61,200,10.92,200,10.93,200,10.99,700,11.01,100,11.05,100,15.3,100,15.31,2,15.47,100,15.61,100,15.8,100,15.91,100,16.1,100,16.11,700,16.15,700,16.2,200
160,8.58,100,9.55,900,9.99,100,10.58,100,10.61,200,10.92,200,10.93,200,10.99,700,11.01,100,11.05,100,15.3,100,15.31,2,15.47,100,15.61,100,15.8,100,15.91,100,16.1,100,16.11,700,16.15,700,16.2,200
160,8.58,100,9.55,900,9.99,100,10.58,100,10.61,200,10.92,200,10.93,200,10.99,700,11.01,100,11.05,100,15.3,100,15.31,2,15.47,100,15.61,100,15.8,100,15.91,100,16.1,100,16.11,700,16.15,700,16.2,200
160,8.58,100,9.55,900,9.99,100,10.58,100,10.61,200,10.92,200,10.93,200,10.99,700,11.01,100,11.05,100,15.3,100,15.31,2,15.47,100,15.61,100,15.8,100,15.91,100,16.1,100,16.11,700,16.15,700,16.2,200
160,8.58,100,9.55,900,9.99,100,10.58,100,10.61,200,10.92,200,10.93,200,10.99,700,11.01,100,11.05,100,15.3,100,15.31,2,15.47,100,15.61,100,15.8,100,15.91,100,16.1,100,16.11,700,16.15,700,16.2,200
160,8.58,100,9.55,900,9.99,100,10.58,100,10.61,200,10.92,200,10.93,200,10.99,700,11.01,100,11.05,100,15.3,100,15.31,2,15.47,100,15.61,100,15.8,100,15.91,100,16.1,100,16.11,700,16.15,700,16.2,200
160,8.58,100,9.55,900,9.99,100,10.58,100,10.61,200,10.92,200,10.93,200,10.99,700,11.01,100,11.05,100,15.3,100,15.31,2,15.47,100,15.61,100,15.8,100,15.91,100,16.1,100,16.11,700,16.15,700,16.2,200
160,8.58,100,9.55,900,9.99,100,10.58,100,10.61,200,10.92,200,10.93,200,10.99,700,11.01,100,11.05,100,15.3,100,15.31,2,15.47,100,15.61,100,15.91,100,16.1,100,16.11,700,16.15,700,16.2,200,16.22,100
160,8.58,100,9.55,900,9.99,100,10.58,100,10.61,200,10.92,200,10.93,200,10.99,700,11.01,100,11.05,100,14.74,100,15.3,100,15.31,2,15.47,100,15.61,100,15.91,100,16.1,100,16.11,700,16.15,700,16.2,200
160,8.58,100,9.55,900,9.99,100,10.58,100,10.61,200,10.92,200,10.93,200,10.99,700,11.01,100,11.05,100,14.74,100,15.3,100,15.31,2,15.61,100,15.91,100,16.1,100,16.11,700,16.15,700,16.2,200,16.22,100
160,8.58,100,9.55,900,9.99,100,10.58,100,10.61,200,10.92,200,10.93,200,10.99,700,11.01,100,11.05,100,14.44,100,14.74,100,15.3,100,15.31,2,15.61,100,15.91,100,16.1,100,16.11,700,16.15,700,16.2,200
160,8.58,100,9.55,900,9.99,100,10.58,100,10.61,200,10.92,200,10.93,200,10.99,700,11.01,100,11.05,100,14.44,100,14.74,100,15.28,100,15.3,100,15.31,2,15.61,100,15.91,100,16.1,100,16.11,700,16.15,700
160,8.58,100,9.55,900,9.99,100,10.58,100,10.61,200,10.92,200,10.93,200,10.99,700,11.01,100,11.05,100,14.44,100,14.74,100,15.28,100,15.3,100,15.31,2,15.61,100,15.91,100,16.1,100,16.11,700,16.15,700
160,8.58,100,9.55,900,9.99,100,10.58,100,10.61,200,10.92,200,10.93,200,10.99,700,11.05,100,11.07,700,14.44,100,14.74,100,15.28,100,15.3,100,15.31,2,15.61,100,15.91,100,16.1,100,16.11,700,16.15,700
160,8.58,100,9.55,900,9.99,100,10.58,100,10.61,200,10.92,200,10.93,200,10.99,700,11.05,100,11.07,700,14.44,100,14.74,100,15.28,100,15.3,100,15.31,2,15.61,100,15.91,100,16.1,100,16.11,700,16.15,700
160,8.58,100,9.55,900,9.99,100,10.58,100,10.61,200,10.92,200,10.93,200,10.99,700,11.05,100,11.07,700,14.44,100,14.74,100,15.28,100,15.3,100,15.31,2,15.61,100,15.91,100,16.11,700,16.15,700,16.2,200
160,8.58,100,9.55,900,9.99,100,10.58,100,10.61,200,10.92,200,10.93,200,10.99,700,11.05,100,11.07,700,14.2,100,14.44,100,14.74,100,15.28,100,15.3,100,15.31,2,15.61,100,15.91,100,16.11,700,16.15,700
160,8.58,100,9.55,900,9.99,100,10.58,100,10.61,200,10.92,200,10.93,200,10.99,700,11.05,100,11.07,700,14.2,100,14.44,100,14.74,100,15.28,100,15.3,100,15.31,2,15.61,100,15.91,100,16.11,700,16.15,700
160,8.58,100,9.55,900,9.99,100,10.58,100,10.61,200,10.92,200,10.93,200,10.99,700,11.05,100,11.07,700,14,100,14.2,100,14.44,100,14.74,100,15.28,100,15.3,100,15.31,2,15.61,100,15.91,100,16.11,700
160,7.74,100,8.58,100,9.55,900,9.99,100,10.58,100,10.61,200,10.92,200,10.93,200,10.99,700,11.05,100,14,100,14.2,100,14.44,100,14.74,100,15.28,100,15.3,100,15.31,2,15.61,100,15.91,100,16.11,700
160,7.74,100,8.58,100,9.55,900,9.99,100,10.58,100,10.61,200,10.92,200,10.93,200,10.99,700,11.05,100,14,100,14.2,100,14.44,100,14.74,100,15.28,100,15.3,100,15.31,2,15.61,100,15.91,100,16.11,700
160,7.74,200,8.58,100,9.55,900,9.99,100,10.58,100,10.61,200,10.92,200,10.93,200,10.99,700,11.05,100,14,100,14.2,100,14.44,100,14.74,100,15.28,100,15.3,100,15.31,2,15.61,100,15.91,100,16.11,700
160,7.74,200,8.58,100,9.55,900,9.99,100,10.58,100,10.61,200,10.92,200,10.93,200,10.99,700,11.05,100,14,100,14.2,100,14.44,100,14.74,100,15.28,100,15.3,100,15.31,2,15.61,100,15.91,100,16.11,700
160,7.74,300,8.58,100,9.55,900,9.99,100,10.58,100,10.61,200,10.92,200,10.93,200,10.99,700,11.05,100,14,100,14.2,100,14.44,100,14.74,100,15.28,100,15.3,100,15.31,2,15.61,100,15.91,100,16.11,700
160,7.74,300,8.58,100,9.55,900,9.99,100,10.58,100,10.61,200,10.92,200,10.93,200,10.99,700,11.05,100,14,100,14.2,100,14.44,100,14.74,100,15.28,100,15.3,100,15.31,2,15.61,100,15.91,100,16.11,700
160,7.74,400,8.58,100,9.55,900,9.99,100,10.58,100,10.61,200,10.92,200,10.93,200,10.99,700,11.05,100,14,100,14.2,100,14.44,100,14.74,100,15.28,100,15.3,100,15.31,2,15.61,100,15.91,100,16.11,700
160,7.74,400,8.58,100,9.55,900,9.99,100,10.58,100,10.61,200,10.92,200,10.93,200,10.99,700,11.05,100,14,100,14.2,100,14.44,100,14.74,100,15.28,100,15.3,100,15.31,2,15.61,100,15.91,100,16.11,700
160,7.74,500,8.58,100,9.55,900,9.99,100,10.58,100,10.61,200,10.92,200,10.93,200,10.99,700,11.05,100,14,100,14.2,100,14.44,100,14.74,100,15.28,100,15.3,100,15.31,2,15.61,100,15.91,100,16.11,700
160,7.74,500,8.58,100,9.55,900,9.99,100,10.58,100,10.61,200,10.92,200,10.93,200,10.99,700,11.05,100,14,100,14.2,100,14.44,100,14.74,100,15.28,100,15.3,100,15.31,2,15.61,100,15.91,100,16.11,700
160,7.74,600,8.58,100,9.55,900,9.99,100,10.58,100,10.61,200,10.92,200,10.93,200,10.99,700,11.05,100,14,100,14.2,100,14.44,100,14.74,100,15.28,100,15.3,100,15.31,2,15.61,100,15.91,100,16.11,700
160,7.74,600,8.58,100,9.55,900,9.99,100,10.58,100,10.61,200,10.92,200,10.93,200,10.99,700,11.05,100,14,100,14.2,100,14.44,100,14.74,100,15.28,100,15.3,100,15.31,2,15.61,100,15.91,100,16.11,700
160,7.74,700,8.58,100,9.55,900,9.99,100,10.58,100,10.61,200,10.92,200,10.93,200,10.99,700,11.05,100,14,100,14.2,100,14.44,100,14.74,100,15.28,100,15.3,100,15.31,2,15.61,100,15.91,100,16.11,700
160,7.74,700,8.58,100,9.55,900,9.99,100,10.58,100,10.61,200,10.92,200,10.93,200,10.99,700,11.05,100,14,100,14.2,100,14.44,100,14.74,100,15.28,100,15.3,100,15.31,2,15.61,100,15.91,100,16.11,700
160,7.74,600,8.58,100,9.55,900,9.99,100,10.58,100,10.61,200,10.92,200,10.93,200,10.99,700,11.05,100,14,100,14.2,100,14.44,100,14.74,100,15.28,100,15.3,100,15.31,2,15.61,100,15.91,100,16.11,700
160,7.74,600,8.58,100,9.55,1000,9.99,100,10.58,100,10.61,200,10.92,200,10.93,200,10.99,700,11.05,100,14,100,14.2,100,14.44,100,14.74,100,15.28,100,15.3,100,15.31,2,15.61,100,15.91,100,16.11,700
160,7.74,500,8.58,100,9.55,1000,9.99,100,10.58,100,10.61,200,10.92,200,10.93,200,10.99,700,11.05,100,14,100,14.2,100,14.44,100,14.74,100,15.28,100,15.3,100,15.31,2,15.61,100,15.91,100,16.11,700
160,7.74,500,8.58,100,9.55,1100,9.99,100,10.58,100,10.61,200,10.92,200,10.93,200,10.99,700,11.05,100,14,100,14.2,100,14.44,100,14.74,100,15.28,100,15.3,100,15.31,2,15.61,100,15.91,100,16.11,700
160,7.74,400,8.58,100,9.55,1100,9.99,100,10.58,100,10.61,200,10.92,200,10.93,200,10.99,700,11.05,100,14,100,14.2,100,14.44,100,14.74,100,15.28,100,15.3,100,15.31,2,15.61,100,15.91,100,16.11,700
160,7.74,400,8.58,100,9.55,1200,9.99,100,10.58,100,10.61,200,10.92,200,10.93,200,10.99,700,11.05,100,14,100,14.2,100,14.44,100,14.74,100,15.28,100,15.3,100,15.31,2,15.61,100,15.91,100,16.11,700
160,7.74,300,8.58,100,9.55,1200,9.99,100,10.58,100,10.61,200,10.92,200,10.93,200,10.99,700,11.05,100,14,100,14.2,100,14.44,100,14.74,100,15.28,100,15.3,100,15.31,2,15.61,100,15.91,100,16.11,700
160,7.74,300,8.58,100,9.55,1300,9.99,100,10.58,100,10.61,200,10.92,200,10.93,200,10.99,700,11.05,100,14,100,14.2,100,14.44,100,14.74,100,15.28,100,15.3,100,15.31,2,15.61,100,15.91,100,16.11,700
160,7.74,200,8.58,100,9.55,1300,9.99,100,10.58,100,10.61,200,10.92,200,10.93,200,10.99,700,11.05,100,14,100,14.2,100,14.44,100,14.74,100,15.28,100,15.3,100,15.31,2,15.61,100,15.91,100,16.11,700
160,7.74,200,8.58,100,9.55,1400,9.99,100,10.58,100,10.61,200,10.92,200,10.93,200,10.99,700,11.05,100,14,100,14.2,100,14.44,100,14.74,100,15.28,100,15.3,100,15.31,2,15.61,100,15.91,100,16.11,700
160,7.74,100,8.58,100,9.55,1400,9.99,100,10.58,100,10.61,200,10.92,200,10.93,200,10.99,700,11.05,100,14,100,14.2,100,14.44,100,14.74,100,15.28,100,15.3,100,15.31,2,15.61,100,15.91,100,16.11,700
160,7.74,100,8.58,100,9.55,1500,9.99,100,10.58,100,10.61,200,10.92,200,10.93,200,10.99,700,11.05,100,14,100,14.2,100,14.44,100,14.74,100,15.28,100,15.3,100,15.31,2,15.61,100,15.91,100,16.11,700
160,8.58,100,9.55,1500,9.99,100,10.58,100,10.61,200,10.92,200,10.93,200,10.99,700,11.05,100,11.07,700,14,100,14.2,100,14.44,100,14.74,100,15.28,100,15.3,100,15.31,2,15.61,100,15.91,100,16.11,700
160,8.58,100,9.55,1600,9.99,100,10.58,100,10.61,200,10.92,200,10.93,200,10.99,700,11.05,100,11.07,700,14,100,14.2,100,14.44,100,14.74,100,15.28,100,15.3,100,15.31,2,15.61,100,15.91,100,16.11,700
160,8.58,100,9.55,1600,9.99,100,10.58,100,10.61,200,10.92,200,10.93,200,10.99,700,11.05,100,11.07,700,14,100,14.2,100,14.44,100,14.74,100,15.28,100,15.3,100,15.31,2,15.61,100,15.91,100,16.11,700
160,8.58,100,9.55,1600,9.99,100,10.58,100,10.61,200,10.92,200,10.93,200,10.99,700,11.05,100,11.07,700,14,100,14.2,100,14.44,100,14.74,100,15.28,100,15.3,100,15.31,2,15.61,100,15.91,100,16.11,700
160,8.58,100,9.55,1600,9.99,100,10.58,100,10.61,200,10.92,200,10.93,200,10.99,700,11.05,100,11.07,700,14,100,14.2,100,14.44,100,14.74,100,15.28,100,15.3,100,15.31,2,15.61,100,15.91,100,16.11,700
160,8.58,100,9.55,1600,9.99,100,10.58,100,10.61,200,10.92,200,10.93,200,10.99,700,11.05,100,11.07,700,14,100,14.2,100,14.44,100,14.74,100,15.28,100,15.3,100,15.31,2,15.61,100,15.91,100,16.11,700
160,8.58,100,9.55,1600,9.99,100,10.58,100,10.61,200,10.92,200,10.93,200,10.99,700,11.05,100,11.07,700,14,100,14.2,100,14.44,100,14.74,100,15.28,100,15.3,100,15.31,2,15.61,100,15.91,100,16.11,700
160,8.58,100,9.55,1600,9.99,100,10.58,100,10.61,200,10.92,200,10.93,200,10.99,700,11.05,100,11.07,700,14,100,14.2,100,14.44,100,14.74,100,15.28,100,15.3,100,15.31,2,15.61,100,15.91,100,16.11,700
160,8.58,100,9.55,1600,9.99,100,10.58,100,10.61,200,10.92,200,10.93,200,10.99,700,11.05,100,11.07,700,14,100,14.2,100,14.44,100,14.74,100,15.28,100,15.3,100,15.31,2,15.61,100,15.91,100,16.11,700
160,8.58,100,9.55,1600,9.99,100,10.58,100,10.61,200,10.92,200,10.93,200,10.99,700,11.05,100,11.07,700,14,100,14.2,100,14.44,100,14.74,100,15.28,100,15.3,100,15.31,2,15.61,100,15.91,100,16.11,700
160,8.58,100,9.55,1600,9.99,100,10.58,100,10.61,200,10.92,200,10.93,200,10.99,700,11.05,100,11.07,700,14,100,14.2,100,14.44,100,14.74,100,15.28,100,15.3,100,15.31,2,15.61,100,15.91,100,16.11,700
160,8.58,100,9.55,1600,9.99,100,10.58,100,10.61,200,10.92,200,10.93,200,10.99,700,11.05,100,11.07,700,14,100,14.2,100,14.44,100,14.74,100,15.28,100,15.3,100,15.31,2,15.61,100,15.91,100,16.11,700
160,8.58,100,9.55,1600,9.99,100,10.58,100,10.61,200,10.92,200,10.93,200,10.99,700,11.05,100,11.07,700,14,100,14.2,100,14.44,100,14.74,100,15.28,100,15.3,100,15.31,2,15.61,100,15.91,100,16.11,700
160,8.58,100,9.55,1600,9.99,100,10.58,100,10.61,200,10.92,200,10.93,200,10.99,700,11.05,100,11.07,700,14,100,14.2,100,14.44,100,14.74,100,15.28,100,15.3,100,15.31,2,15.61,100,15.91,100,16.11,700
160,8.58,100,9.55,1600,9.99,100,10.58,100,10.61,200,10.92,200,10.93,200,10.99,700,11.05,100,11.07,700,14,100,14.2,100,14.44,100,14.74,100,15.28,100,15.3,100,15.31,2,15.61,100,15.91,100,16.11,700
160,8.58,100,9.55,1600,9.99,100,10.58,100,10.61,200,10.92,200,10.93,200,10.99,700,11.05,100,11.07,700,14,100,14.2,100,14.44,100,14.74,100,15.28,100,15.3,100,15.31,2,15.61,100,15.91,100,16.11,700
160,8.58,100,9.55,1600,9.99,100,10.58,100,10.61,200,10.92,200,10.93,200,10.99,700,11.05,100,11.07,700,14,100,14.2,100,14.44,100,14.74,100,15.28,100,15.3,100,15.31,2,15.61,100,15.91,100,16.11,700
160,8.58,100,9.55,1600,9.99,100,10.58,100,10.61,200,10.92,200,10.93,200,10.99,700,11.05,100,11.07,700,14,100,14.2,100,14.44,100,14.74,100,15.28,100,15.3,100,15.31,2,15.61,100,15.91,100,16.11,700
160,8.58,100,9.55,1600,9.99,100,10.58,100,10.61,200,10.92,200,10.93,200,10.99,700,11.05,100,11.07,700,14,100,14.2,100,14.44,100,14.74,100,15.28,100,15.3,100,15.61,100,15.91,100,16.11,700,16.15,700
160,8.58,100,9.55,1600,9.99,100,10.58,100,10.61,200,10.92,200,10.93,200,10.99,700,11.05,100,11.07,700,14,100,14.2,100,14.44,100,14.65,2,14.74,100,15.28,100,15.3,100,15.61,100,15.91,100,16.11,700
160,8.58,100,9.55,1600,9.99,100,10.58,100,10.61,200,10.92,200,10.93,200,10.99,700,11.05,100,11.07,700,14,100,14.2,100,14.44,100,14.65,2,14.74,100,15.28,100,15.3,100,15.61,100,15.91,100,16.11,700
160,8.58,100,9.55,1600,9.99,100,10.58,100,10.61,200,10.92,200,10.93,200,10.99,700,11.05,100,11.07,700,14,100,14.2,100,14.44,100,14.65,2,14.74,100,15.28,100,15.3,100,15.91,100,16.11,700,16.15,700
160,8.58,100,9.55,1600,9.99,100,10.58,100,10.61,200,10.92,200,10.93,100,10.99,700,11.05,100,11.07,700,14,100,14.2,100,14.44,100,14.65,2,14.74,100,15.28,100,15.3,100,15.91,100,16.11,700,16.15,700
160,8.58,100,9.55,1600,9.99,100,10.58,100,10.61,200,10.92,200,10.93,100,10.99,700,11.05,100,11.07,700,14,100,14.2,100,14.44,100,14.65,2,14.74,100,15.28,100,15.3,100,15.91,100,16.11,700,16.15,700
160,8.58,100,9.55,1600,9.99,100,10.58,100,10.61,200,10.92,200,10.93,100,10.99,700,11.05,100,11.07,700,14,100,14.2,100,14.44,100,14.65,2,14.74,100,15.28,100,15.3,100,15.91,100,16.11,700,16.15,700
160,8.58,100,9.55,1600,9.99,100,10.58,100,10.61,200,10.92,200,10.93,100,10.99,700,11.05,100,11.07,700,14,100,14.2,100,14.34,100,14.44,100,14.65,2,14.74,100,15.28,100,15.3,100,15.91,100,16.11,700
160,8.58,100,9.55,1600,9.99,100,10.58,100,10.61,200,10.92,100,10.93,100,10.99,700,11.05,100,11.07,700,14,100,14.2,100,14.34,100,14.44,100,14.65,2,14.74,100,15.28,100,15.3,100,15.91,100,16.11,700
160,8.58,100,9.55,1600,9.99,100,10.58,100,10.61,200,10.92,100,10.93,100,10.99,700,11.05,100,11.07,700,14,100,14.2,100,14.34,100,14.44,100,14.65,2,14.74,100,15.28,100,15.3,100,15.91,100,16.11,700
160,8.58,100,9.55,1600,9.99,100,10.58,100,10.61,200,10.92,100,10.93,100,10.99,700,11.05,100,11.07,700,14,100,14.2,100,14.34,100,14.44,100,14.65,2,14.74,100,15.28,100,15.3,100,15.91,100,16.11,700
160,8.58,100,9.55,1600,9.99,100,10.58,100,10.61,200,10.92,100,10.93,100,10.99,700,11.05,100,11.07,700,14,100,14.2,100,14.34,100,14.44,100,14.65,2,14.74,100,14.9,100,15.28,100,15.3,100,15.91,100
160,8.58,100,9.55,1600,9.99,100,10.58,100,10.61,200,10.93,100,10.99,700,11.05,100,11.07,700,11.14,700,14,100,14.2,100,14.34,100,14.44,100,14.65,2,14.74,100,14.9,100,15.28,100,15.3,100,15.91,100
160,8.58,100,9.55,1600,9.99,100,10.58,100,10.61,200,10.93,100,10.99,700,11.05,100,11.07,700,11.14,700,14,100,14.2,100,14.34,100,14.44,100,14.65,2,14.74,100,14.9,100,15.28,100,15.3,100,15.91,100
160,8.58,100,9.55,1600,9.99,100,10.58,100,10.61,200,10.93,100,10.99,700,11.05,100,11.07,700,11.14,700,14,100,14.2,100,14.34,100,14.44,100,14.65,2,14.74,100,14.9,100,15.28,100,15.3,100,15.91,100
160,8.58,100,9.55,1600,9.99,100,10.58,100,10.61,200,10.93,100,10.99,700,11.05,100,11.07,700,11.14,700,14,100,14.2,100,14.34,100,14.44,100,14.65,2,14.74,100,14.9,200,15.28,100,15.3,100,15.91,100
160,8.58,100,9.55,1600,9.99,100,10.58,100,10.61,200,10.93,100,10.99,700,11.05,100,11.07,700,11.14,700,14,100,14.2,100,14.34,100,14.44,100,14.65,2,14.74,100,14.9,200,15.28,100,15.3,100,15.91,100
160,8.58,100,9.55,1600,9.99,100,10.58,100,10.61,200,10.93,100,10.99,700,11.05,100,11.07,700,11.14,700,14,100,14.2,100,14.34,100,14.44,100,14.65,2,14.74,100,14.9,200,15.28,100,15.3,100,15.91,100
160,8.58,100,9.55,1600,9.99,100,10.58,100,10.61,200,10.93,100,10.99,700,11.05,100,11.07,700,11.14,700,14,100,14.2,100,14.34,100,14.44,100,14.65,2,14.74,100,14.9,200,15.28,100,15.3,100,15.91,100
160,8.58,100,9.55,1600,9.99,100,10.58,100,10.61,200,10.93,100,10.99,700,11.07,700,11.14,700,11.29,100,14,100,14.2,100,14.34,100,14.44,100,14.65,2,14.74,100,14.9,200,15.28,100,15.3,100,15.91,100
160,8.58,100,9.55,1600,9.99,100,10.58,100,10.61,200,10.93,100,10.99,700,11.07,700,11.14,700,11.29,100,14,100,14.2,200,14.34,100,14.44,100,14.65,2,14.74,100,14.9,200,15.28,100,15.3,100,15.91,100
160,8.58,100,9.55,1600,9.99,100,10.58,100,10.61,200,10.93,100,10.99,700,11.07,700,11.14,700,11.29,100,14,100,14.2,200,14.34,100,14.44,100,14.65,2,14.74,100,14.9,200,15.28,100,15.3,100,15.91,100
160,8.58,100,9.55,1600,9.99,100,10.58,100,10.61,200,10.93,100,10.99,700,11.07,700,11.14,700,11.29,100,14,100,14.2,200,14.34,100,14.44,100,14.65,2,14.74,100,14.9,200,15.28,100,15.3,100,15.91,100
160,8.58,100,9.55,1600,9.99,100,10.58,100,10.61,200,10.93,100,10.99,700,11.07,700,11.14,700,11.29,100,14,100,14.2,200,14.34,100,14.44,100,14.65,102,14.74,100,14.9,200,15.28,100,15.3,100,15.91,100
160,8.58,100,9.55,1600,9.99,100,10.58,100,10.61,200,10.93,100,10.99,700,11.07,700,11.14,700,11.29,100,14,100,14.2,200,14.34,100,14.44,100,14.65,102,14.74,100,14.9,200,15.28,100,15.3,100,15.91,100
160,8.58,100,9.55,1600,9.99,100,10.58,100,10.61,200,10.93,100,10.99,700,11.07,700,11.14,700,11.29,100,14,100,14.2,200,14.34,100,14.44,100,14.65,102,14.74,100,14.9,200,15.28,100,15.3,100,15.91,100
160,8.58,100,9.55,1600,9.99,100,10.58,100,10.61,200,10.93,100,10.99,700,11.07,700,11.14,700,11.29,100,14,100,14.2,200,14.34,100,14.44,100,14.65,102,14.74,100,14.9,200,15.28,100,15.3,100,15.91,100
160,8.58,100,9.55,1600,10.58,100,10.61,200,10.93,100,10.99,700,11.07,700,11.14,700,11.29,100,11.4,100,14,100,14.2,200,14.34,100,14.44,100,14.65,102,14.74,100,14.9,200,15.28,100,15.3,100,15.91,100
160,8.58,100,9.55,1600,10.58,100,10.61,200,10.93,100,10.99,700,11.07,700,11.14,700,11.27,100,11.29,100,14,100,14.2,200,14.34,100,14.44,100,14.65,102,14.74,100,14.9,200,15.28,100,15.3,100,15.91,100
160,8.58,100,9.55,1600,10.58,100,10.61,200,10.93,100,10.99,700,11.07,700,11.14,700,11.27,100,11.29,100,14,100,14.2,200,14.34,100,14.44,100,14.65,102,14.74,100,14.9,200,15.28,100,15.3,100,15.91,100
160,8.58,100,9.55,1600,10.58,100,10.61,200,10.93,100,10.99,700,11.07,700,11.14,700,11.27,100,11.29,100,14,100,14.2,200,14.34,100,14.44,100,14.65,102,14.74,100,14.9,200,15.28,100,15.3,100,15.41,100
160,8.58,100,9.55,1600,10.61,200,10.93,100,10.99,700,11.07,700,11.14,700,11.27,100,11.29,100,11.4,100,14,100,14.2,200,14.34,100,14.44,100,14.65,102,14.74,100,14.9,200,15.28,100,15.3,100,15.41,100
160,8.58,100,9.55,1600,10.61,200,10.93,100,10.99,700,11.07,700,11.14,700,11.27,100,11.29,100,11.4,100,14,100,14.2,200,14.34,100,14.44,100,14.65,102,14.74,100,14.9,200,15.28,100,15.3,100,15.41,100
160,8.58,100,9.55,1600,10.61,200,10.93,100,10.99,700,11.07,700,11.14,700,11.27,100,11.29,100,11.4,100,14,100,14.2,200,14.34,100,14.44,100,14.65,102,14.74,100,14.9,200,15.28,100,15.3,100,15.41,100
160,8.58,100,9.55,1600,10.61,200,10.93,100,10.99,700,11.07,700,11.14,700,11.27,100,11.29,100,11.4,100,14,100,14.2,200,14.34,100,14.44,100,14.65,102,14.74,200,14.9,200,15.28,100,15.3,100,15.41,100
160,8.58,100,9.55,1600,10.61,200,10.93,100,10.99,700,11.07,700,11.14,700,11.27,100,11.29,100,11.4,100,14,100,14.2,200,14.34,100,14.44,100,14.65,2,14.74,200,14.9,200,15.28,100,15.3,100,15.41,100
160,8.58,100,9.55,1600,10.61,200,10.93,100,10.99,700,11.07,700,11.14,700,11.27,100,11.29,100,11.4,100,13.67,100,14,100,14.2,200,14.34,100,14.44,100,14.65,2,14.74,200,14.9,200,15.28,100,15.3,100
160,8.58,100,9.55,1600,10.61,200,10.93,100,10.99,700,11.07,700,11.14,700,11.27,100,11.29,100,11.4,100,13.67,100,14,100,14.2,200,14.34,100,14.44,100,14.65,2,14.74,200,14.9,200,15.28,100,15.3,100
160,8.58,100,9.55,1700,10.61,200,10.93,100,10.99,700,11.07,700,11.14,700,11.27,100,11.29,100,11.4,100,13.67,100,14,100,14.2,200,14.34,100,14.44,100,14.65,2,14.74,200,14.9,200,15.28,100,15.3,100
160,8.58,100,9.55,1700,10.61,200,10.93,100,10.99,700,11.07,700,11.14,700,11.27,100,11.29,100,11.4,100,13.67,100,14,100,14.2,200,14.34,100,14.44,100,14.65,2,14.74,200,14.9,200,15.28,100,15.3,100
160,8.58,100,9.55,1700,10.61,200,10.93,100,10.99,700,11.07,700,11.14,700,11.27,100,11.29,100,11.4,100,13.67,100,13.93,100,14,100,14.2,200,14.34,100,14.44,100,14.65,2,14.74,200,14.9,200,15.28,100
160,8.58,100,9.55,1700,10.61,200,10.93,100,10.99,700,11.07,700,11.14,700,11.27,100,11.4,100,11.76,100,13.67,100,13.93,100,14,100,14.2,200,14.34,100,14.44,100,14.65,2,14.74,200,14.9,200,15.28,100
160,8.58,100,9.55,1700,10.61,200,10.93,100,10.99,700,11.07,700,11.14,700,11.27,100,11.4,100,11.76,100,13.67,100,13.93,100,14,100,14.2,200,14.34,100,14.44,100,14.65,2,14.74,200,14.9,200,15.28,100
160,8.58,100,9.55,1700,10.61,200,10.93,100,10.99,700,11.07,700,11.14,700,11.27,100,11.4,100,11.76,100,13.67,100,13.93,100,14,100,14.2,200,14.34,100,14.44,100,14.65,2,14.74,200,14.9,100,15.28,100
160,8.58,100,9.55,1700,10.61,200,10.93,100,10.99,700,11.07,700,11.14,700,11.27,100,11.4,100,11.76,100,13.67,100,13.93,100,14,100,14.2,200,14.34,100,14.44,100,14.57,100,14.65,2,14.74,200,14.9,100
160,8.58,100,9.55,1700,10.61,200,10.93,100,10.99,700,11.07,700,11.14,700,11.27,100,11.4,100,11.76,100,13.67,100,13.93,100,14,100,14.2,200,14.34,100,14.44,100,14.57,100,14.65,2,14.74,200,15.28,100
160,8.58,100,9.55,1700,10.61,200,10.93,100,10.99,700,11.07,700,11.14,700,11.27,100,11.4,100,11.76,100,13.67,100,13.93,100,14,100,14.2,200,14.34,100,14.44,100,14.57,200,14.65,2,14.74,200,15.28,100
160,9.55,1700,10.61,200,10.93,100,10.99,700,11.07,700,11.14,700,11.27,100,11.4,100,11.76,100,11.93,200,13.67,100,13.93,100,14,100,14.2,200,14.34,100,14.44,100,14.57,200,14.65,2,14.74,200,15.28,100
160,9.55,1700,9.67,100,10.61,200,10.93,100,10.99,700,11.07,700,11.14,700,11.27,100,11.4,100,11.76,100,13.67,100,13.93,100,14,100,14.2,200,14.34,100,14.44,100,14.57,200,14.65,2,14.74,200,15.28,100
160,9.55,1700,9.67,100,10.61,200,10.93,100,10.99,700,11.07,700,11.14,700,11.27,100,11.4,100,11.76,100,13.67,100,13.93,100,14,100,14.2,200,14.34,100,14.44,100,14.57,200,14.65,2,14.74,200,15.28,100
160,9.55,1700,9.67,100,10.61,200,10.93,100,10.99,700,11.07,700,11.14,700,11.27,100,11.4,100,11.76,100,13.67,100,13.93,100,14,100,14.2,200,14.34,100,14.44,100,14.57,200,14.65,2,14.74,200,15.28,100
160,9.55,1700,9.67,100,10.61,200,10.99,700,11.07,700,11.14,700,11.27,100,11.4,100,11.76,100,11.93,200,13.67,100,13.93,100,14,100,14.2,200,14.34,100,14.44,100,14.57,200,14.65,2,14.74,200,15.28,100
160,9.55,1700,9.67,100,10.61,200,10.99,700,11.07,700,11.14,700,11.27,100,11.4,100,11.76,100,11.93,200,13.67,100,13.93,100,14,100,14.2,200,14.34,100,14.44,100,14.57,200,14.65,2,14.74,200,15.28,100
160,9.55,1700,9.67,100,10.61,200,10.99,700,11.07,700,11.14,700,11.27,100,11.4,100,11.76,100,11.93,200,13.67,100,13.93,100,14,100,14.2,200,14.34,100,14.44,100,14.57,200,14.65,2,14.74,200,15.28,100
160,9.55,1700,9.67,100,10.61,200,10.99,700,11.07,700,11.14,700,11.27,100,11.4,100,11.76,100,11.93,200,13.67,100,13.93,100,14,100,14.2,200,14.34,200,14.44,100,14.57,200,14.65,2,14.74,200,15.28,100
160,9.55,1700,9.67,100,10.61,200,10.99,700,11.07,700,11.14,700,11.27,100,11.4,100,11.76,100,11.93,200,13.67,100,13.93,100,14,100,14.2,200,14.27,700,14.34,200,14.44,100,14.57,200,14.65,2,14.74,200
160,9.55,1700,9.67,100,10.61,200,10.99,700,11.07,700,11.14,700,11.27,100,11.4,100,11.76,100,11.93,200,13.67,100,13.93,100,14,100,14.2,200,14.27,700,14.34,200,14.44,100,14.57,200,14.65,2,14.74,200
160,9.55,1700,9.67,100,10.61,200,10.99,700,11.07,700,11.14,700,11.27,100,11.4,100,11.76,100,11.93,200,13.67,100,13.93,100,14,100,14.2,200,14.27,700,14.34,200,14.44,100,14.57,200,14.65,2,14.74,200
160,9.55,1700,9.67,100,10.61,200,10.99,700,11.07,700,11.14,700,11.27,100,11.4,100,11.76,100,11.93,200,13.67,100,13.93,100,14,100,14.2,200,14.27,700,14.34,200,14.44,100,14.57,200,14.65,2,14.74,200
160,9.55,1700,9.67,100,10.61,200,10.99,700,11.07,700,11.14,700,11.27,100,11.4,100,11.76,100,11.93,200,13.67,100,13.93,100,14,100,14.2,200,14.27,700,14.34,200,14.44,100,14.57,200,14.65,2,14.74,200
160,9.55,1700,9.67,100,10.61,200,10.99,700,11.07,700,11.14,700,11.27,100,11.4,100,11.76,100,11.93,200,13.67,100,13.93,100,14,100,14.2,200,14.27,700,14.34,200,14.44,100,14.57,200,14.65,2,14.74,200
160,9.55,1700,9.67,100,10.61,200,10.99,700,11.07,700,11.14,700,11.27,100,11.4,100,11.76,100,11.93,200,13.67,100,13.93,100,14,100,14.2,200,14.27,700,14.34,200,14.44,100,14.57,200,14.65,2,14.7,700
160,9.55,1700,9.67,100,10.61,200,10.99,700,11.07,700,11.14,700,11.27,100,11.4,100,11.76,100,11.93,200,13.67,100,13.93,100,14,100,14.2,200,14.27,700,14.34,200,14.44,100,14.57,200,14.65,2,14.7,700
160,9.55,1700,9.67,100,10.61,200,10.99,700,11.07,700,11.14,700,11.27,100,11.4,100,11.76,100,11.93,200,13.67,100,13.93,100,14,100,14.2,200,14.27,700,14.34,200,14.44,100,14.46,700,14.57,200,14.65,2
160,9.55,1700,9.67,100,10.61,200,10.99,700,11.07,700,11.14,700,11.27,100,11.4,100,11.76,100,11.93,200,13.67,100,13.93,100,14,100,14.2,200,14.27,700,14.34,200,14.44,100,14.46,700,14.57,200,14.65,2
160,9.55,1700,9.67,100,10.61,200,10.99,700,11.07,700,11.14,700,11.27,100,11.4,100,11.76,800,11.93,200,13.67,100,13.93,100,14,100,14.2,200,14.27,700,14.34,200,14.44,100,14.46,700,14.57,200,14.65,2
160,9.55,1700,9.67,100,10.61,200,11.07,700,11.14,700,11.27,100,11.4,100,11.76,800,11.93,200,12.23,100,13.67,100,13.93,100,14,100,14.2,200,14.27,700,14.34,200,14.44,100,14.46,700,14.57,200,14.65,2
160,9.55,1700,9.67,100,10.61,200,11.07,700,11.14,700,11.27,100,11.4,100,11.76,800,11.93,200,12.02,700,13.67,100,13.93,100,14,100,14.2,200,14.27,700,14.34,200,14.44,100,14.46,700,14.57,200,14.65,2
160,9.55,1700,9.67,100,10.61,200,11.07,700,11.14,700,11.27,100,11.4,100,11.76,100,11.93,200,12.02,700,13.67,100,13.93,100,14,100,14.2,200,14.27,700,14.34,200,14.44,100,14.46,700,14.57,200,14.65,2
160,9.55,1700,9.67,100,10.61,200,11.07,700,11.14,700,11.27,100,11.4,100,11.76,100,11.93,200,12.02,700,13.67,100,13.93,100,14,100,14.2,200,14.27,700,14.34,200,14.44,100,14.46,700,14.57,200,14.65,2
160,9.55,1700,9.67,100,10.61,200,11.07,700,11.14,700,11.27,100,11.4,100,11.76,100,11.93,200,12.23,100,13.67,100,13.93,100,14,100,14.2,200,14.27,700,14.34,200,14.44,100,14.46,700,14.57,200,14.65,2
160,9.55,1700,9.67,100,10.61,200,11.07,700,11.14,700,11.27,100,11.4,100,11.76,100,11.93,200,12.23,100,13.67,100,13.93,100,14,100,14.2,200,14.27,700,14.34,200,14.44,100,14.46,700,14.57,200,14.65,2
160,9.55,1700,9.67,100,10.61,200,11.07,700,11.14,700,11.27,100,11.4,100,11.76,100,11.93,200,12.23,100,13.67,100,13.93,100,14,100,14.2,200,14.27,700,14.34,200,14.44,100,14.46,700,14.57,200,14.65,2
160,9.55,1700,9.67,100,10.61,200,11.07,700,11.14,700,11.27,100,11.4,100,11.76,100,11.93,200,12.23,100,13.67,100,13.93,100,14,100,14.2,200,14.26,700,14.27,700,14.34,200,14.44,100,14.46,700,14.57,200
160,9.55,1700,9.67,100,10.61,200,11.07,700,11.14,700,11.27,100,11.4,100,11.76,100,11.93,200,12.23,100,13.67,100,13.93,100,14,100,14.2,200,14.26,700,14.27,700,14.34,200,14.44,100,14.46,700,14.57,200
160,9.55,1700,9.67,100,10.61,200,11.07,700,11.14,700,11.27,100,11.4,100,11.76,800,11.93,200,12.23,100,13.67,100,13.93,100,14,100,14.2,200,14.26,700,14.27,700,14.34,200,14.44,100,14.46,700,14.57,200
160,9.55,1700,9.67,100,10.61,200,11.14,700,11.27,100,11.4,100,11.76,800,11.93,200,12.23,100,12.26,700,13.67,100,13.93,100,14,100,14.2,200,14.26,700,14.27,700,14.34,200,14.44,100,14.46,700,14.57,200
160,9.55,1700,9.67,100,10.61,200,11.14,700,11.27,100,11.4,100,11.76,800,11.93,200,12.02,700,12.23,100,13.67,100,13.93,100,14,100,14.2,200,14.26,700,14.27,700,14.34,200,14.44,100,14.46,700,14.57,200
160,9.55,1700,9.67,100,10.61,200,11.14,700,11.27,100,11.4,100,11.76,100,11.93,200,12.02,700,12.23,100,13.67,100,13.93,100,14,100,14.2,200,14.26,700,14.27,700,14.34,200,14.44,100,14.46,700,14.57,200
160,9.55,1700,9.67,100,10.61,200,11.14,700,11.27,100,11.4,100,11.76,100,11.93,200,12.02,700,12.23,100,13.4,10,13.67,100,13.93,100,14,100,14.2,200,14.26,700,14.27,700,14.34,200,14.44,100,14.46,700
160,9.55,1700,9.67,100,10.61,200,11.14,700,11.27,100,11.4,100,11.76,100,11.93,200,12.02,700,12.23,100,13.4,10,13.67,100,13.93,100,14,100,14.2,200,14.26,700,14.27,700,14.34,200,14.44,100,14.46,700
160,9.55,1700,9.67,100,10.61,200,11.14,700,11.27,100,11.4,100,11.76,100,11.93,200,12.02,700,12.23,100,13.4,10,13.67,100,13.93,100,14,100,14.2,200,14.26,700,14.27,700,14.29,100,14.34,200,14.44,100
160,9.55,1700,9.67,100,10.61,200,11.14,700,11.27,100,11.4,100,11.76,100,11.93,200,12.02,700,12.23,100,13.4,10,13.67,100,13.93,100,14,100,14.2,200,14.26,700,14.27,700,14.29,100,14.34,200,14.44,100
160,9.55,1700,9.67,100,10.61,200,11.14,700,11.27,100,11.4,100,11.76,100,11.93,200,12.02,700,12.23,100,13.4,10,13.67,100,13.93,100,14,100,14.2,200,14.26,700,14.27,700,14.29,200,14.34,200,14.44,100
160,9.55,1700,9.67,100,10.61,200,11.14,700,11.27,100,11.4,100,11.76,100,11.93,200,12.02,700,12.23,100,13.4,10,13.67,100,13.93,100,14,100,14.2,200,14.26,700,14.27,700,14.29,200,14.34,200,14.44,100
160,9.55,1700,9.67,100,10.61,200,11.27,100,11.4,100,11.76,100,11.93,200,12.02,700,12.23,100,12.26,700,13.4,10,13.67,100,13.93,100,14,100,14.2,200,14.26,700,14.27,700,14.29,200,14.34,200,14.44,100
160,9.55,1700,9.67,100,10.61,200,11.27,100,11.4,100,11.76,100,11.93,200,12.02,700,12.23,100,12.26,700,13.4,10,13.67,100,13.93,100,14,100,14.2,200,14.26,700,14.27,700,14.29,200,14.34,200,14.44,100
160,9.55,1700,9.67,100,10.61,200,11.27,100,11.4,100,11.76,100,11.93,200,12.02,700,12.23,100,12.26,700,13.4,10,13.67,100,13.93,100,14,100,14.2,200,14.26,700,14.27,700,14.29,200,14.34,200,14.43,2
160,9.55,1700,9.67,100,10.61,200,11.27,100,11.4,100,11.76,100,11.93,200,12.02,700,12.23,100,12.26,700,13.4,10,13.67,100,13.93,100,14,100,14.2,200,14.26,700,14.27,700,14.29,200,14.34,200,14.43,2
160,9.55,1700,9.67,100,10.61,200,11.27,100,11.4,100,11.76,100,11.93,200,12.23,100,12.26,700,12.33,202,13.4,10,13.67,100,13.93,100,14,100,14.2,200,14.26,700,14.27,700,14.29,200,14.34,200,14.43,2
160,9.55,1700,9.67,100,10.61,200,11.27,100,11.4,100,11.76,100,11.93,200,12.23,100,12.26,700,12.33,202,13.4,22,13.67,100,13.93,100,14,100,14.2,200,14.26,700,14.27,700,14.29,200,14.34,200,14.43,2
160,9.55,1700,9.67,100,10.61,200,11.27,100,11.4,100,11.76,100,11.93,200,12.23,100,12.26,700,12.33,202,13.4,12,13.67,100,13.93,100,14,100,14.2,200,14.26,700,14.27,700,14.29,200,14.34,200,14.43,2
160,9.55,1700,9.67,100,10.61,200,11.27,100,11.4,100,11.76,100,11.93,200,12.23,100,12.26,700,12.33,202,13.4,22,13.67,100,13.93,100,14,100,14.2,200,14.26,700,14.27,700,14.29,200,14.34,200,14.43,2
160,9.55,1700,9.67,100,10.61,200,11.27,100,11.4,100,11.76,100,11.93,200,12.23,100,12.26,700,12.33,202,13.4,12,13.67,100,13.93,100,14,100,14.2,200,14.26,700,14.27,700,14.29,200,14.34,200,14.43,2
160,9.55,1700,9.67,100,10.61,200,11.27,100,11.4,100,11.76,100,11.93,200,12.23,100,12.26,700,12.33,202,13.67,100,13.93,100,14,100,14.2,200,14.26,700,14.27,700,14.29,200,14.34,200,14.43,2,14.44,100
160,9.55,1700,9.67,100,10.61,200,11.27,100,11.4,100,11.76,100,11.93,200,12.23,100,12.26,700,12.33,202,13.4,24,13.67,100,13.93,100,14,100,14.2,200,14.26,700,14.27,700,14.29,200,14.34,200,14.43,2
160,9.55,1700,9.67,100,10.61,200,11.27,100,11.4,100,11.76,100,11.93,200,12.23,100,12.26,700,12.33,202,13.4,34,13.67,100,13.93,100,14,100,14.2,200,14.26,700,14.27,700,14.29,200,14.34,200,14.43,2
160,9.55,1700,9.67,100,10.61,200,11.27,100,11.4,100,11.76,100,11.93,200,12.23,100,12.26,700,12.33,202,13.4,24,13.67,100,13.93,100,14,100,14.2,200,14.26,700,14.27,700,14.29,200,14.34,200,14.43,2
160,9.55,1700,9.67,100,10.61,200,11.27,100,11.4,100,11.76,100,11.93,200,12.23,100,12.26,700,12.33,202,13.4,34,13.67,100,13.93,100,14,100,14.2,200,14.26,700,14.27,700,14.29,200,14.34,200,14.43,2
160,9.55,1700,9.67,100,10.61,200,11.27,100,11.4,100,11.76,100,11.93,200,12.23,100,12.26,700,12.33,202,13.4,34,13.67,100,13.93,100,14,100,14.2,900,14.26,700,14.27,700,14.29,200,14.34,200,14.43,2
160,9.55,1700,9.67,100,10.61,200,11.27,100,11.4,100,11.76,100,11.93,200,12.23,100,12.26,700,12.33,202,13.4,34,13.67,100,13.93,100,14,100,14.2,900,14.26,700,14.27,700,14.29,200,14.34,200,14.43,2
160,9.55,1700,9.67,100,10.61,200,11.27,100,11.4,100,11.76,100,11.93,200,12.23,100,12.26,700,12.33,202,13.4,24,13.67,100,13.93,100,14,100,14.2,900,14.26,700,14.27,700,14.29,200,14.34,200,14.43,2
160,9.55,1700,9.67,100,10.61,200,11.27,100,11.4,100,11.76,100,11.93,200,12.23,100,12.26,700,12.33,202,13.67,100,13.93,100,14,100,14.2,900,14.26,700,14.27,700,14.29,200,14.34,200,14.43,2,14.44,100
160,9.55,1700,9.67,100,10.61,200,11.27,100,11.4,100,11.76,100,11.93,200,12.23,100,12.26,700,12.33,202,13.4,18,13.67,100,13.93,100,14,100,14.2,900,14.26,700,14.27,700,14.29,200,14.34,200,14.43,2
160,9.55,1700,9.67,100,10.61,200,11.27,100,11.4,100,11.76,100,11.93,200,12.23,100,12.26,700,12.33,202,13.4,18,13.67,100,13.93,100,14,100,14.2,900,14.26,700,14.27,700,14.29,100,14.34,200,14.43,2
160,9.55,1700,9.67,100,10.61,200,11.27,100,11.4,100,11.76,100,11.93,200,12.23,100,12.26,700,12.33,202,13.4,18,13.67,100,13.93,100,14,100,14.2,900,14.26,700,14.27,700,14.29,100,14.34,200,14.43,2
160,9.55,1700,9.67,100,10.61,200,11.27,100,11.4,100,11.76,100,11.93,200,12.23,100,12.26,700,12.33,202,13.4,18,13.67,100,13.93,100,14,100,14.2,900,14.26,700,14.27,700,14.29,100,14.34,200,14.43,2
160,9.55,1700,9.67,100,10.61,200,11.27,100,11.4,100,11.76,100,11.93,200,12.23,100,12.26,700,12.33,202,13.4,18,13.67,100,13.93,100,14,100,14.2,900,14.26,700,14.27,700,14.29,200,14.34,200,14.43,2
160,9.55,1700,9.67,100,10.61,200,11.27,100,11.4,100,11.76,100,11.93,200,12.23,100,12.26,700,12.33,202,13.4,28,13.67,100,13.93,100,14,100,14.2,900,14.26,700,14.27,700,14.29,200,14.34,200,14.43,2
160,9.55,1700,9.67,100,10.61,200,11.27,100,11.4,100,11.76,100,11.93,200,12.23,100,12.26,700,12.33,202,13.4,18,13.67,100,13.93,100,14,100,14.2,900,14.26,700,14.27,700,14.29,200,14.34,200,14.43,2
160,9.55,1700,9.67,100,10.61,200,11.27,100,11.4,100,11.76,100,11.93,200,12.23,100,12.26,700,12.33,202,13.67,100,13.93,100,14,100,14.2,900,14.26,700,14.27,700,14.29,200,14.34,200,14.43,2,14.44,100
160,9.55,1700,9.67,100,10.61,200,11.27,100,11.4,100,11.76,100,11.93,200,12.23,100,12.26,700,12.33,202,13.67,100,13.93,100,14,100,14.2,900,14.26,700,14.27,700,14.29,100,14.34,200,14.43,2,14.44,100
160,9.55,1700,9.67,100,10.61,200,11.27,100,11.4,100,11.76,100,11.93,200,12.23,100,12.26,700,12.33,202,13.67,100,13.93,100,14,100,14.2,900,14.26,700,14.27,700,14.29,100,14.34,200,14.43,2,14.44,100
160,9.55,1700,9.67,100,10.61,200,11.27,100,11.4,100,11.76,100,11.93,200,12.23,100,12.26,700,12.33,202,13.67,100,13.93,100,14,100,14.2,900,14.26,700,14.27,700,14.34,200,14.43,2,14.44,100,14.46,700
160,9.55,1700,9.67,100,10.61,200,11.27,100,11.4,100,11.76,100,11.93,200,12.23,100,12.26,700,12.33,202,13.67,100,13.93,100,14,100,14.2,900,14.26,700,14.27,700,14.34,200,14.43,2,14.44,100,14.46,700
160,9.55,1700,9.67,100,10.61,200,11.27,100,11.4,100,11.76,100,11.93,200,12.23,100,12.26,700,12.33,200,13.67,100,13.93,100,14,100,14.2,900,14.26,700,14.27,700,14.34,200,14.43,2,14.44,100,14.46,700
160,9.55,1700,9.67,100,10.61,200,11.27,100,11.4,100,11.76,100,11.93,200,12.23,100,12.26,700,12.33,200,13.67,100,13.93,100,14,100,14.2,900,14.26,700,14.27,700,14.34,200,14.43,2,14.44,100,14.46,700
160,9.55,1700,9.67,100,10.61,200,11.27,100,11.4,100,11.76,100,11.93,200,12.23,100,12.26,700,12.33,200,13.67,100,13.93,100,14,100,14.2,900,14.26,700,14.27,700,14.34,200,14.44,100,14.46,700,14.56,200
160,9.55,1700,9.67,100,10.61,200,11.27,100,11.4,100,11.76,100,11.93,200,12.23,100,12.26,700,12.33,200,13.67,100,13.78,2,13.93,100,14,100,14.2,900,14.26,700,14.27,700,14.34,200,14.44,100,14.46,700
160,9.55,1700,9.67,100,10.61,200,11.27,100,11.4,100,11.76,100,11.93,200,12.23,100,12.26,700,12.33,200,13.67,100,13.78,2,13.93,100,14,100,14.2,900,14.26,700,14.27,700,14.34,200,14.44,100,14.46,700
160,9.55,1700,9.67,100,10.61,200,11.27,100,11.4,100,11.76,100,11.93,200,12.23,100,12.26,700,12.33,200,13.67,100,13.78,2,13.93,100,14,100,14.2,900,14.26,700,14.27,700,14.29,100,14.34,200,14.44,100
160,9.55,1700,9.67,100,10.61,200,11.27,100,11.4,100,11.76,100,11.93,200,12.23,100,12.26,700,12.33,200,13.67,100,13.78,2,13.93,100,14,100,14.2,900,14.26,700,14.27,700,14.29,100,14.34,200,14.44,100
160,9.55,1700,9.67,100,10.61,200,11.27,100,11.4,100,11.76,100,11.93,200,12.23,100,12.26,700,12.33,200,13.67,100,13.78,2,13.93,100,14,100,14.2,900,14.26,700,14.27,700,14.29,200,14.34,200,14.44,100
160,9.55,1700,9.67,100,10.61,200,11.27,100,11.4,100,11.76,100,11.93,200,12.23,100,12.26,700,12.33,200,13.67,100,13.78,2,13.93,100,14,100,14.2,900,14.26,700,14.27,700,14.29,100,14.34,200,14.44,100
160,9.55,1700,9.67,100,10.61,200,11.27,100,11.4,100,11.76,100,11.93,200,12.23,100,12.26,700,12.33,200,13.67,100,13.78,2,13.93,100,14,100,14.2,900,14.26,700,14.27,700,14.29,100,14.34,200,14.44,100
160,9.55,1700,9.67,100,10.61,200,11.27,100,11.4,100,11.76,100,11.93,200,12.23,100,12.26,700,12.33,200,13.67,100,13.78,2,13.93,100,14,100,14.2,900,14.26,700,14.27,700,14.34,200,14.44,100,14.46,700
160,9.55,1700,9.67,100,10.61,200,11.27,100,11.4,100,11.76,100,11.93,200,12.23,100,12.26,700,12.33,200,13.67,100,13.78,2,13.93,100,14,100,14.2,900,14.26,700,14.27,700,14.34,200,14.44,100,14.46,700
160,9.55,1700,9.67,100,10.61,200,11.27,100,11.4,100,11.76,100,11.93,200,12.23,100,12.26,700,12.33,200,13.67,100,13.78,2,13.93,100,14,100,14.2,900,14.26,700,14.27,700,14.34,200,14.44,100,14.46,700
160,9.55,1700,9.67,100,10.61,200,11.27,100,11.4,100,11.76,100,11.93,200,12.23,100,12.26,700,12.33,200,13.67,100,13.78,2,13.93,100,14,100,14.2,900,14.26,700,14.27,700,14.29,100,14.34,200,14.44,100
160,9.55,1700,9.67,100,10.61,200,11.27,100,11.4,100,11.76,100,11.93,200,12.23,100,12.26,700,12.33,200,13.67,100,13.78,2,13.93,100,14,100,14.2,900,14.26,700,14.27,700,14.29,100,14.34,200,14.44,100
160,9.55,1700,9.67,100,10.61,200,11.27,100,11.4,100,11.76,100,11.93,200,12.23,100,12.26,700,12.33,200,13.67,100,13.78,2,13.93,100,14,100,14.2,900,14.26,700,14.27,700,14.29,200,14.34,200,14.44,100
160,9.55,1700,9.67,100,10.61,200,11.27,100,11.4,100,11.76,100,11.93,200,12.23,100,12.26,700,12.33,200,13.4,15,13.67,100,13.78,2,13.93,100,14,100,14.2,900,14.26,700,14.27,700,14.29,200,14.34,200
160,9.55,1700,9.67,100,10.61,200,11.27,100,11.4,100,11.76,100,11.93,200,12.23,100,12.26,700,12.33,200,13.4,15,13.67,100,13.78,2,13.93,100,14,100,14.2,900,14.26,700,14.27,700,14.29,100,14.34,200
160,9.55,1700,9.67,100,10.61,200,11.27,100,11.4,100,11.76,100,11.93,200,12.23,100,12.26,700,12.33,200,13.4,15,13.67,100,13.78,2,13.93,100,14,100,14.2,900,14.26,700,14.27,700,14.29,100,14.34,200
160,9.55,1700,9.67,100,10.61,200,11.27,100,11.4,100,11.76,100,11.93,200,12.23,100,12.26,700,12.33,200,13.4,15,13.67,100,13.78,2,13.93,100,14,100,14.2,900,14.26,700,14.27,700,14.29,100,14.34,200
160,9.55,1700,9.67,100,10.61,200,11.27,100,11.4,100,11.76,100,11.93,200,12.23,100,12.26,700,12.33,200,13.4,15,13.67,100,13.78,2,13.93,100,14,100,14.2,900,14.26,700,14.27,700,14.29,200,14.34,200
160,9.55,1700,9.67,100,10.61,200,11.27,100,11.4,100,11.76,100,11.93,200,12.23,100,12.26,700,12.33,200,13.67,100,13.78,2,13.93,100,14,100,14.2,900,14.26,700,14.27,700,14.29,200,14.34,200,14.44,100
160,9.55,1700,9.67,100,10.61,200,11.27,100,11.4,100,11.76,100,11.93,200,12.23,100,12.26,700,12.33,200,13.4,24,13.67,100,13.78,2,13.93,100,14,100,14.2,900,14.26,700,14.27,700,14.29,200,14.34,200
160,9.55,1700,9.67,100,10.61,200,11.27,100,11.4,100,11.76,100,11.93,200,12.23,100,12.26,700,12.33,200,13.4,23,13.67,100,13.78,2,13.93,100,14,100,14.2,900,14.26,700,14.27,700,14.29,200,14.34,200
160,9.55,1700,9.67,100,10.61,200,11.27,100,11.4,100,11.76,100,11.93,200,12.23,100,12.26,700,12.33,200,13.4,23,13.67,100,13.78,2,13.93,100,14,100,14.2,900,14.26,700,14.27,700,14.29,200,14.34,200
160,9.55,1700,9.67,100,10.61,200,11.27,100,11.4,100,11.76,100,11.93,200,12.23,100,12.26,700,12.33,200,13.67,100,13.78,2,13.93,100,14,100,14.2,900,14.26,700,14.27,700,14.29,200,14.34,200,14.44,100
160,9.55,1700,9.67,100,10.61,200,11.27,100,11.4,100,11.76,100,11.93,200,12.23,100,12.26,700,12.33,200,13.67,100,13.78,2,13.93,100,14,100,14.2,900,14.26,700,14.27,700,14.29,200,14.34,200,14.44,100
160,9.55,1700,9.67,100,10.61,200,11.27,100,11.4,100,11.76,100,11.93,200,12.23,100,12.26,700,12.33,200,13.67,100,13.78,2,13.93,100,14,100,14.2,900,14.26,700,14.27,700,14.29,100,14.34,200,14.44,100
160,9.55,1700,9.67,100,10.61,200,11.27,100,11.4,100,11.76,100,11.93,200,12.23,100,12.26,700,12.33,200,13.67,100,13.78,2,13.93,100,14,100,14.2,900,14.26,700,14.27,700,14.29,100,14.34,200,14.44,100
160,9.55,1700,9.67,100,10.61,200,11.27,100,11.4,100,11.76,100,11.93,200,12.23,100,12.26,700,12.33,200,13.4,24,13.67,100,13.78,2,13.93,100,14,100,14.2,900,14.26,700,14.27,700,14.29,100,14.34,200
160,9.55,1700,9.67,100,10.61,200,11.27,100,11.4,100,11.76,100,11.93,200,12.23,100,12.26,700,12.33,200,13.4,24,13.67,100,13.78,2,13.93,100,14,100,14.2,900,14.26,700,14.27,700,14.29,100,14.34,200
160,9.55,1700,9.67,100,10.61,200,11.27,100,11.4,100,11.76,100,11.93,200,12.23,100,12.26,700,12.33,200,13.4,24,13.67,100,13.78,2,13.93,100,14,100,14.2,900,14.26,700,14.27,700,14.29,100,14.3,100
160,9.55,1700,9.67,100,10.61,200,11.27,100,11.4,100,11.76,100,11.93,200,12.23,100,12.26,700,12.33,200,13.67,100,13.78,2,13.93,100,14,100,14.2,900,14.26,700,14.27,700,14.29,100,14.3,100,14.34,200
160,9.55,1700,9.67,100,10.61,200,11.27,100,11.4,100,11.76,100,11.93,200,12.23,100,12.26,700,12.33,200,13.4,18,13.67,100,13.78,2,13.93,100,14,100,14.2,900,14.26,700,14.27,700,14.29,100,14.3,100
160,9.55,1700,9.67,100,10.61,200,11.27,100,11.4,100,11.76,100,11.93,200,12.23,100,12.26,700,12.33,200,13.67,100,13.78,2,13.93,100,14,100,14.2,900,14.26,700,14.27,700,14.29,100,14.3,100,14.34,200
160,9.55,1700,9.67,100,10.61,200,11.27,100,11.4,100,11.76,100,11.93,200,12.23,100,12.26,700,12.33,200,13.4,24,13.67,100,13.78,2,13.93,100,14,100,14.2,900,14.26,700,14.27,700,14.29,100,14.3,100
160,9.55,1700,9.67,100,10.61,200,11.27,100,11.4,100,11.76,100,11.93,200,12.23,100,12.26,700,12.33,200,13.4,24,13.67,100,13.78,2,13.93,100,14,100,14.2,900,14.26,700,14.27,700,14.29,100,14.34,200
160,9.55,1700,9.67,100,10.61,200,11.27,100,11.4,100,11.76,100,11.93,200,12.23,100,12.26,700,12.33,200,13.4,24,13.67,100,13.78,2,13.93,100,14,100,14.2,900,14.26,700,14.27,700,14.29,100,14.34,200
160,9.55,1700,9.67,100,10.61,200,11.27,100,11.4,100,11.76,100,11.93,200,12.23,100,12.26,700,12.33,200,13.4,24,13.67,100,13.78,2,13.93,100,14,100,14.2,900,14.26,700,14.27,700,14.29,100,14.34,200
160,9.55,1700,9.67,100,10.61,200,11.27,100,11.4,100,11.76,100,11.93,200,12.23,100,12.26,700,12.33,200,13.4,24,13.67,100,13.78,2,13.93,100,14,100,14.2,900,14.26,700,14.27,700,14.29,100,14.3,100
160,9.55,1700,9.67,100,10.61,200,11.27,100,11.4,100,11.76,100,11.93,200,12.23,100,12.26,700,12.33,200,13.67,100,13.78,2,13.93,100,14,100,14.2,900,14.26,700,14.27,700,14.29,100,14.3,100,14.34,200
160,9.55,1700,9.67,100,10.61,200,11.27,100,11.4,100,11.76,100,11.93,200,12.23,100,12.26,700,12.33,200,13.67,100,13.78,2,13.93,100,14,100,14.2,900,14.26,700,14.27,700,14.29,100,14.34,200,14.44,100
160,9.55,1700,9.67,100,10.61,200,11.27,100,11.4,100,11.76,100,11.93,200,12.23,100,12.26,700,12.33,200,13.67,100,13.78,2,13.93,100,14,100,14.2,900,14.26,700,14.27,700,14.29,100,14.34,200,14.44,100
160,9.55,1700,9.67,100,10.61,200,11.27,100,11.4,100,11.76,100,11.93,200,12.23,100,12.26,700,12.33,200,13.67,100,13.78,2,13.93,100,14,100,14.2,900,14.26,700,14.27,700,14.29,100,14.34,200,14.44,100
160,9.55,1700,9.67,100,10.61,200,11.27,100,11.4,100,11.76,100,11.93,200,12.23,100,12.26,700,12.33,200,13.67,100,13.78,2,13.93,100,14,100,14.2,900,14.26,700,14.27,700,14.29,100,14.3,100,14.34,200
160,9.55,1700,9.67,100,10.61,200,11.27,100,11.4,100,11.76,100,11.93,200,12.23,100,12.26,700,12.33,200,13.67,100,13.78,2,13.93,100,14,100,14.2,900,14.26,700,14.27,700,14.3,100,14.34,200,14.44,100
160,9.55,1700,9.67,100,10.61,200,11.27,100,11.4,100,11.76,100,11.93,200,12.23,100,12.26,700,12.33,200,13.67,100,13.78,2,13.93,100,14,100,14.2,900,14.26,700,14.27,700,14.3,100,14.34,200,14.44,100
160,9.55,1700,9.67,100,10.61,200,11.27,100,11.4,100,11.76,100,11.93,200,12.23,100,12.26,700,12.33,200,13.67,100,13.78,2,13.93,100,14,100,14.2,900,14.26,700,14.27,700,14.3,100,14.34,200,14.44,100
160,9.55,1700,9.67,100,10.61,200,11.27,100,11.4,100,11.76,100,11.93,200,12.23,100,12.26,700,12.33,200,13.67,100,13.78,2,13.93,100,14,100,14.2,900,14.26,700,14.27,700,14.3,200,14.34,200,14.44,100
160,9.55,1700,9.67,100,10.61,200,11.27,100,11.4,100,11.76,100,11.93,200,12.23,100,12.26,700,12.33,200,13.67,100,13.78,2,13.93,100,14,100,14.2,900,14.26,700,14.27,700,14.3,100,14.34,200,14.44,100
160,9.55,1700,9.67,100,10.61,200,11.27,100,11.4,100,11.76,100,11.93,200,12.23,100,12.26,700,12.33,200,13.67,100,13.78,2,13.93,100,14,100,14.2,900,14.26,700,14.27,700,14.3,100,14.34,200,14.44,100
160,9.55,1700,9.67,100,10.61,200,11.27,100,11.4,100,11.76,100,11.93,200,12.23,100,12.26,700,12.33,200,13.67,100,13.78,2,13.93,100,14,100,14.2,900,14.26,700,14.27,700,14.3,100,14.34,200,14.44,100
160,9.55,1700,9.67,100,10.61,200,11.27,100,11.4,100,11.76,100,11.93,200,12.23,100,12.26,700,12.33,200,13.67,100,13.78,2,13.93,100,14,100,14.2,900,14.26,700,14.27,700,14.3,200,14.34,200,14.44,100
160,9.55,1700,9.67,100,10.61,200,11.27,100,11.4,100,11.76,100,11.93,200,12.23,100,12.26,700,12.33,200,13.67,100,13.78,2,13.93,100,14,100,14.2,200,14.26,700,14.27,700,14.3,200,14.34,200,14.44,100
160,9.55,1700,9.67,100,10.61,200,11.27,100,11.4,100,11.76,100,11.93,200,12.23,100,12.26,700,12.33,200,13.67,100,13.78,2,13.93,100,14,100,14.2,200,14.26,700,14.27,700,14.3,200,14.34,200,14.36,700
160,9.55,1700,9.67,100,10.61,200,11.27,100,11.4,100,11.76,100,11.93,200,12.23,100,12.26,700,12.33,200,13.67,100,13.78,2,13.93,100,14,100,14.2,200,14.26,700,14.27,700,14.3,200,14.34,200,14.36,700
160,9.55,1700,9.67,100,10.61,200,11.27,100,11.4,100,11.76,100,11.93,200,12.23,100,12.26,700,12.33,200,13.67,100,13.78,2,13.93,100,14,100,14.2,200,14.26,700,14.27,700,14.3,200,14.34,200,14.36,700
160,9.55,1700,9.67,100,10.61,200,11.27,100,11.4,100,11.76,100,11.93,200,12.23,100,12.26,700,12.33,200,13.67,100,13.78,2,13.93,100,14,100,14.2,200,14.26,700,14.27,700,14.3,200,14.34,200,14.36,700
160,9.55,1700,9.67,100,10.61,200,11.27,100,11.4,100,11.76,100,11.93,200,12.23,100,12.26,700,12.33,200,13.67,100,13.78,2,13.93,100,14,100,14.2,200,14.26,700,14.27,700,14.3,200,14.34,200,14.36,700
160,9.55,1700,9.67,100,10.61,200,11.27,100,11.4,100,11.76,100,11.93,200,12.23,100,12.26,700,12.33,200,13.67,100,13.78,2,13.93,100,14.2,200,14.26,700,14.27,700,14.3,200,14.34,200,14.36,700,14.46,700
160,9.55,1700,9.67,100,10.61,200,11.27,100,11.4,100,11.76,100,11.93,200,12.23,100,12.26,700,12.33,200,13.67,100,13.78,2,13.93,100,14.2,200,14.26,700,14.27,700,14.3,200,14.34,100,14.36,700,14.46,700
160,9.55,1700,9.67,100,10.61,200,11.27,100,11.4,100,11.76,100,11.93,200,12.23,100,12.26,700,12.33,200,13.67,100,13.78,2,13.93,100,14.2,200,14.26,700,14.27,700,14.3,200,14.34,100,14.36,700,14.46,700
160,9.55,1700,9.67,100,10.61,200,11.27,100,11.4,100,11.76,100,11.93,200,12.23,100,12.26,700,12.33,200,13.67,100,13.78,2,13.93,100,14.2,200,14.26,700,14.27,700,14.3,200,14.34,100,14.36,700,14.46,700
160,9.55,1700,9.67,100,10.61,200,11.27,100,11.4,100,11.76,100,11.93,200,12.23,100,12.26,700,12.33,200,13.67,100,13.78,2,13.93,100,14.2,200,14.26,700,14.27,700,14.3,200,14.34,100,14.36,700,14.46,700
160,9.55,1700,9.67,100,10.61,200,11.27,100,11.4,100,11.76,100,11.93,200,12.23,100,12.26,700,12.33,200,13.67,100,13.78,2,13.93,100,14.2,200,14.26,700,14.27,700,14.28,100,14.3,200,14.34,100,14.36,700
160,9.55,1700,9.67,100,10.61,200,11.27,100,11.4,100,11.76,100,11.93,200,12.23,100,12.26,700,12.33,200,13.67,100,13.78,2,13.93,100,14.2,200,14.26,700,14.27,700,14.28,100,14.3,200,14.34,100,14.36,700
160,9.55,1700,9.67,100,10.61,200,11.27,100,11.4,100,11.76,100,11.93,200,12.23,100,12.26,700,12.33,200,13.67,100,13.78,2,13.93,100,14.2,200,14.26,700,14.27,700,14.28,100,14.3,200,14.34,100,14.36,700
160,9.55,1700,9.67,100,10.61,200,11.27,100,11.4,100,11.76,100,11.93,200,12.23,100,12.26,700,12.33,200,13.67,100,13.78,2,13.93,100,14.2,200,14.26,700,14.27,700,14.28,100,14.3,200,14.34,100,14.36,700
160,9.55,1700,9.67,100,10.61,200,11.27,100,11.4,100,11.76,100,11.93,200,12.23,100,12.26,700,12.33,200,13.67,100,13.78,2,13.93,100,14.2,200,14.26,700,14.27,700,14.28,100,14.3,200,14.34,100,14.36,700
160,9.55,1700,9.67,100,10.61,200,11.27,100,11.4,100,11.76,100,11.93,200,12.23,100,12.26,700,12.33,200,13.67,100,13.78,2,13.93,100,14.2,100,14.26,700,14.27,700,14.28,100,14.3,200,14.34,100,14.36,700
160,9.55,1700,9.67,100,10.61,200,11.27,100,11.4,100,11.76,100,11.93,200,12.23,100,12.26,700,12.33,200,13.67,100,13.78,2,13.93,100,14.2,100,14.26,700,14.27,700,14.28,100,14.3,200,14.34,100,14.36,700
160,9.55,1700,9.67,100,10.61,200,11.27,100,11.4,100,11.76,100,11.93,200,12.23,100,12.26,700,12.33,200,13.78,2,13.93,100,14.2,100,14.26,700,14.27,700,14.28,100,14.3,200,14.34,100,14.36,700,14.46,700
160,9.55,1700,9.67,100,10.61,200,11.27,100,11.4,100,11.76,100,11.93,200,12.23,100,12.26,700,12.33,200,13.78,2,13.93,100,14.2,100,14.26,700,14.27,700,14.28,100,14.3,200,14.34,100,14.46,700,14.47,100
160,9.55,1700,9.67,100,10.61,200,11.27,100,11.4,100,11.76,100,11.93,200,12.23,100,12.26,700,12.33,200,13.78,2,13.93,100,13.94,100,14.2,100,14.26,700,14.27,700,14.28,100,14.3,200,14.34,100,14.46,700
160,9.55,1700,9.67,100,10.61,200,11.27,100,11.4,100,11.76,100,11.93,200,12.23,100,12.26,700,12.33,200,13.78,2,13.93,100,13.94,100,14.2,100,14.26,700,14.28,100,14.3,200,14.34,100,14.46,700,14.47,100
160,9.55,1700,9.67,100,10.61,200,11.27,100,11.4,100,11.76,100,11.93,200,12.23,100,12.26,700,12.33,200,13.78,2,13.93,100,13.94,100,14.2,100,14.26,700,14.28,100,14.3,200,14.34,100,14.46,700,14.47,100
160,9.55,1700,9.67,100,10.61,200,11.27,100,11.4,100,11.76,100,11.93,200,12.23,100,12.26,700,12.33,200,13.78,2,13.93,100,13.94,100,14.2,100,14.26,700,14.28,100,14.3,200,14.34,100,14.46,700,14.47,100
160,9.55,1700,9.67,100,10.61,200,11.27,100,11.4,100,11.76,100,11.93,200,12.23,100,12.26,700,12.33,200,13.78,2,13.93,100,13.94,100,14.2,100,14.26,700,14.28,100,14.3,200,14.34,100,14.46,700,14.47,100
160,9.55,1700,9.67,100,10.61,200,11.27,100,11.4,100,11.76,100,11.93,200,12.23,100,12.26,700,12.33,200,13.78,2,13.93,100,13.94,100,14.2,100,14.28,100,14.3,200,14.34,100,14.46,700,14.47,100,14.49,100
160,9.55,1700,9.67,100,10.61,200,11.27,100,11.4,100,11.76,100,11.93,200,12.23,100,12.26,700,12.33,200,13.78,2,13.93,100,13.94,100,14.2,100,14.28,100,14.3,200,14.34,100,14.46,700,14.47,100,14.49,100
160,9.55,1700,9.67,100,10.61,200,11.27,100,11.4,100,11.76,100,11.93,200,12.23,100,12.26,700,12.33,200,13.78,2,13.93,100,13.94,100,14.2,100,14.28,100,14.3,200,14.34,100,14.46,700,14.47,100,14.49,100
160,9.55,1700,9.67,100,10.61,200,11.27,100,11.4,100,11.76,100,11.93,200,12.23,100,12.26,700,12.33,200,13.78,2,13.93,100,13.94,100,14.2,100,14.28,100,14.3,200,14.34,100,14.46,700,14.47,100,14.49,100
160,9.55,1700,9.67,100,10.61,200,11.27,100,11.4,100,11.76,100,11.93,200,12.23,100,12.26,700,12.33,200,13.78,2,13.93,100,13.94,100,14.2,100,14.28,100,14.3,200,14.34,100,14.46,700,14.47,100,14.49,100
160,9.55,1700,9.67,100,10.61,200,11.27,100,11.4,100,11.76,100,11.93,200,12.23,100,12.26,700,12.33,200,13.78,2,13.93,100,13.94,100,14.2,100,14.28,100,14.3,200,14.34,100,14.46,700,14.47,100,14.49,100
160,9.55,1700,9.67,100,10.61,200,11.27,100,11.4,100,11.76,100,11.93,200,12.23,100,12.26,700,12.33,200,13.78,2,13.93,100,13.94,100,14.2,100,14.28,100,14.3,200,14.34,100,14.46,700,14.47,100,14.49,100
160,9.55,1700,9.67,100,10.61,200,11.27,100,11.4,100,11.76,100,11.93,200,12.23,100,12.26,700,12.33,200,13.78,2,13.93,100,13.94,100,14.2,100,14.28,100,14.3,200,14.34,100,14.46,700,14.47,100,14.49,100
160,9.55,1700,9.67,100,10.61,200,11.27,100,11.4,100,11.76,100,11.93,200,12.23,100,12.26,700,12.33,200,13.93,100,13.94,100,14.2,100,14.28,100,14.3,200,14.34,100,14.46,700,14.47,100,14.49,100,14.67,700
160,9.55,1700,9.67,100,10.61,200,11.27,100,11.4,100,11.76,100,11.93,200,12.23,100,12.26,700,12.33,200,13.93,102,13.94,100,14.2,100,14.28,100,14.3,200,14.34,100,14.46,700,14.47,100,14.49,100,14.67,700
160,9.55,1700,9.67,100,10.61,200,11.27,100,11.4,100,11.76,100,11.93,200,12.23,100,12.26,700,12.33,200,13.93,102,13.94,100,14.2,100,14.28,100,14.3,200,14.34,100,14.46,700,14.47,100,14.49,100,14.67,700
160,9.55,1700,9.67,100,10.61,200,11.27,100,11.4,100,11.76,100,11.93,200,12.23,100,12.26,700,12.33,200,13.93,102,13.94,100,14.2,100,14.28,100,14.3,200,14.34,100,14.46,700,14.47,100,14.49,100,14.67,700
160,9.55,1700,9.67,100,10.61,200,11.27,100,11.4,100,11.76,100,11.93,200,12.23,100,12.26,700,12.33,200,13.93,102,14.2,100,14.28,100,14.3,200,14.34,100,14.46,700,14.47,100,14.49,100,14.67,700,14.7,700
160,9.55,1700,9.67,100,10.61,200,11.27,100,11.4,100,11.76,100,11.93,200,12.23,100,12.26,700,12.33,200,13.93,102,14.2,100,14.21,100,14.28,100,14.3,200,14.34,100,14.46,700,14.47,100,14.49,100,14.67,700
160,9.55,1700,9.67,100,10.61,200,11.27,100,11.4,100,11.76,100,11.93,200,12.23,100,12.26,700,12.33,200,13.93,102,14.2,100,14.21,100,14.28,100,14.3,200,14.34,100,14.46,700,14.47,100,14.49,100,14.67,700
160,9.55,1700,9.67,100,10.61,200,11.27,100,11.4,100,11.76,100,11.93,200,12.23,100,12.26,700,12.33,200,13.93,102,14.2,100,14.21,100,14.28,100,14.3,200,14.34,100,14.46,700,14.47,100,14.49,100,14.67,700
160,9.55,1700,9.67,100,10.61,200,11.27,100,11.4,100,11.76,100,11.93,200,12.23,100,12.26,700,12.33,200,13.93,102,14.2,100,14.21,100,14.28,100,14.3,200,14.34,100,14.46,700,14.47,100,14.67,700,14.7,700
160,9.55,1700,9.67,100,10.61,200,11.27,100,11.4,100,11.76,100,11.93,200,12.23,100,12.26,700,12.33,200,13.93,102,14.2,100,14.21,100,14.28,100,14.3,200,14.34,100,14.46,700,14.47,100,14.67,700,14.7,700
160,9.55,1700,9.67,100,10.61,200,11.27,100,11.4,100,11.76,100,11.93,200,12.23,100,12.26,700,12.33,200,13.93,102,14.2,100,14.21,100,14.28,100,14.3,200,14.34,100,14.46,700,14.47,100,14.63,700,14.67,700
160,9.55,1700,9.67,100,10.61,200,11.27,100,11.4,100,11.76,100,11.93,200,12.23,100,12.26,700,12.33,200,13.93,102,14.2,100,14.21,100,14.28,100,14.3,200,14.46,700,14.47,100,14.63,700,14.67,700,14.7,700
160,9.55,1700,9.67,100,10.61,200,11.27,100,11.4,100,11.76,100,11.93,200,12.23,100,12.26,700,12.33,200,13.93,102,14.2,100,14.21,100,14.28,100,14.3,200,14.46,700,14.47,100,14.63,700,14.67,700,14.7,700
160,9.55,1700,9.67,100,10.61,200,11.27,100,11.4,100,11.76,100,11.93,200,12.23,100,12.26,700,12.33,200,13.93,102,14.2,100,14.21,100,14.28,100,14.3,200,14.46,700,14.47,100,14.63,700,14.67,700,14.7,700
160,9.55,1700,9.67,100,10.61,200,11.27,100,11.4,100,11.76,100,11.93,200,12.23,100,12.26,700,12.33,200,13.93,102,14.21,100,14.28,100,14.3,200,14.46,700,14.47,100,14.63,700,14.67,700,14.7,700,14.76,100
160,9.55,1700,9.67,100,10.61,200,11.27,100,11.4,100,11.76,100,11.93,200,12.23,100,12.26,700,12.33,200,13.93,2,14.21,100,14.28,100,14.3,200,14.46,700,14.47,100,14.63,700,14.67,700,14.7,700,14.76,100
160,9.55,1700,9.67,100,10.61,200,11.27,100,11.4,100,11.76,100,11.93,200,12.23,100,12.26,700,12.33,200,13.93,2,14.21,100,14.28,100,14.3,200,14.46,700,14.47,100,14.48,100,14.63,700,14.67,700,14.7,700
160,9.55,1700,9.67,100,10.61,200,11.27,100,11.4,100,11.76,100,11.93,200,12.23,100,12.26,700,12.33,200,13.93,2,14.21,100,14.28,100,14.3,200,14.46,700,14.47,100,14.48,100,14.63,700,14.67,700,14.7,700
160,9.55,1700,9.67,100,10.61,200,11.27,100,11.4,100,11.76,100,11.93,200,12.23,100,12.26,700,12.33,200,13.93,2,14.21,100,14.28,100,14.3,200,14.46,700,14.47,100,14.48,100,14.63,700,14.67,700,14.7,700
160,9.55,1700,9.67,100,10.61,200,11.27,100,11.4,100,11.76,100,11.93,200,12.23,100,12.26,700,12.33,200,13.93,2,14.21,100,14.28,100,14.3,200,14.46,700,14.47,100,14.48,100,14.63,700,14.67,700,14.76,100
160,9.55,1700,9.67,100,10.61,200,11.27,100,11.4,100,11.76,100,11.93,200,12.23,100,12.26,700,12.33,200,13.93,2,14.21,100,14.28,100,14.3,200,14.46,700,14.47,100,14.48,100,14.67,700,14.76,100,14.91,200
160,9.55,1700,9.67,100,10.61,200,11.27,100,11.4,100,11.76,100,11.93,200,12.23,100,12.26,700,12.33,200,13.93,2,14.21,100,14.28,100,14.3,200,14.46,700,14.47,100,14.48,100,14.67,700,14.76,100,14.91,200
160,9.55,1700,9.67,100,10.61,200,11.27,100,11.4,100,11.76,100,11.93,200,12.23,100,12.26,700,12.33,200,13.93,2,14.21,100,14.28,100,14.3,200,14.46,700,14.47,100,14.48,100,14.67,700,14.76,100,14.91,900
160,9.55,1700,9.67,100,10.61,200,11.27,100,11.4,100,11.76,100,11.93,200,12.23,100,12.26,700,12.33,200,13.93,2,14.21,100,14.28,100,14.3,200,14.46,700,14.47,100,14.48,100,14.67,700,14.76,100,14.91,900
160,9.55,1700,9.67,100,10.61,200,11.27,100,11.4,100,11.76,100,11.93,200,12.23,100,12.26,700,12.33,200,13.93,2,14.21,100,14.28,100,14.3,200,14.46,700,14.47,100,14.48,100,14.67,700,14.76,100,14.91,900
160,9.55,1700,9.67,100,10.61,200,11.27,100,11.4,100,11.76,100,11.93,200,12.23,100,12.26,700,12.33,200,14.21,100,14.28,100,14.3,200,14.46,700,14.47,100,14.48,100,14.67,700,14.76,100,14.91,900,14.99,700
160,9.55,1700,9.67,100,10.61,200,11.27,100,11.4,100,11.76,100,11.93,200,12.23,100,12.26,700,12.33,200,14.2,2,14.21,100,14.28,100,14.3,200,14.46,700,14.47,100,14.48,100,14.67,700,14.76,100,14.91,900
160,9.55,1700,9.67,100,10.61,200,11.27,100,11.4,100,11.76,100,11.93,200,12.23,100,12.26,700,12.33,200,14.2,2,14.21,100,14.3,200,14.46,700,14.47,100,14.48,100,14.67,700,14.76,100,14.91,900,14.99,700
160,9.55,1700,9.67,100,10.61,200,11.27,100,11.4,100,11.76,100,11.93,200,12.23,100,12.26,700,12.33,200,14.2,2,14.21,100,14.3,200,14.46,700,14.47,100,14.48,100,14.76,100,14.91,900,14.99,700,15.06,100
160,9.55,1700,9.67,100,10.61,200,11.27,100,11.4,100,11.76,100,11.93,200,12.23,100,12.26,700,12.33,200,14.2,2,14.21,100,14.3,200,14.46,700,14.47,100,14.48,100,14.76,100,14.83,100,14.91,900,14.99,700
