timestamp,bid_px_0,bid_sz_0,bid_px_1,bid_sz_1,bid_px_2,bid_sz_2,bid_px_3,bid_sz_3,bid_px_4,bid_sz_4,bid_px_5,bid_sz_5,bid_px_6,bid_sz_6,bid_px_7,bid_sz_7,bid_px_8,bid_sz_8,bid_px_9,bid_sz_9,ask_px_0,ask_sz_0,ask_px_1,ask_sz_1,ask_px_2,ask_sz_2,ask_px_3,ask_sz_3,ask_px_4,ask_sz_4,ask_px_5,ask_sz_5,ask_px_6,ask_sz_6,ask_px_7,ask_sz_7,ask_px_8,ask_sz_8,ask_px_9,ask_sz_9
2025-07-17T08:05:03.360677248Z,5.51,100,0,0,0,0,0,0,0,0,0,0,0,0,0,0,0,0,0,0,0,0,0,0,0,0,0,0,0,0,0,0,0,0,0,0,0,0,0,0
2025-07-17T08:05:03.360683462Z,5.51,100,0,0,0,0,0,0,0,0,0,0,0,0,0,0,0,0,0,0,21.33,100,0,0,0,0,0,0,0,0,0,0,0,0,0,0,0,0,0,0
2025-07-17T08:05:03.361327319Z,5.51,100,5.9,100,0,0,0,0,0,0,0,0,0,0,0,0,0,0,0,0,21.33,100,0,0,0,0,0,0,0,0,0,0,0,0,0,0,0,0,0,0
2025-07-17T08:05:03.361332576Z,5.51,100,5.9,100,0,0,0,0,0,0,0,0,0,0,0,0,0,0,0,0,20.94,100,21.33,100,0,0,0,0,0,0,0,0,0,0,0,0,0,0,0,0
2025-07-17T08:09:48.860696464Z,5.9,100,0,0,0,0,0,0,0,0,0,0,0,0,0,0,0,0,0,0,20.94,100,21.33,100,0,0,0,0,0,0,0,0,0,0,0,0,0,0,0,0
2025-07-17T08:09:48.860705588Z,5.37,100,5.9,100,0,0,0,0,0,0,0,0,0,0,0,0,0,0,0,0,20.94,100,21.33,100,0,0,0,0,0,0,0,0,0,0,0,0,0,0,0,0
2025-07-17T08:09:49.157896784Z,5.37,100,0,0,0,0,0,0,0,0,0,0,0,0,0,0,0,0,0,0,20.94,100,21.33,100,0,0,0,0,0,0,0,0,0,0,0,0,0,0,0,0
2025-07-17T08:09:49.157903443Z,5.37,100,5.4,100,0,0,0,0,0,0,0,0,0,0,0,0,0,0,0,0,20.94,100,21.33,100,0,0,0,0,0,0,0,0,0,0,0,0,0,0,0,0
2025-07-17T08:09:49.157903798Z,5.37,100,5.4,100,0,0,0,0,0,0,0,0,0,0,0,0,0,0,0,0,21.33,100,0,0,0,0,0,0,0,0,0,0,0,0,0,0,0,0,0,0
2025-07-17T08:09:49.157909054Z,5.37,100,5.4,100,0,0,0,0,0,0,0,0,0,0,0,0,0,0,0,0,21.33,100,21.47,100,0,0,0,0,0,0,0,0,0,0,0,0,0,0,0,0
2025-07-17T11:00:00.125174985Z,5.4,100,0,0,0,0,0,0,0,0,0,0,0,0,0,0,0,0,0,0,21.33,100,21.47,100,0,0,0,0,0,0,0,0,0,0,0,0,0,0,0,0
2025-07-17T11:00:00.125182048Z,5.4,100,9.79,100,0,0,0,0,0,0,0,0,0,0,0,0,0,0,0,0,21.33,100,21.47,100,0,0,0,0,0,0,0,0,0,0,0,0,0,0,0,0
2025-07-17T11:00:00.125454029Z,9.79,100,0,0,0,0,0,0,0,0,0,0,0,0,0,0,0,0,0,0,21.33,100,21.47,100,0,0,0,0,0,0,0,0,0,0,0,0,0,0,0,0
2025-07-17T11:00:00.125460962Z,9.79,100,9.84,100,0,0,0,0,0,0,0,0,0,0,0,0,0,0,0,0,21.33,100,21.47,100,0,0,0,0,0,0,0,0,0,0,0,0,0,0,0,0
2025-07-17T11:00:07.975824831Z,9.79,100,9.84,100,0,0,0,0,0,0,0,0,0,0,0,0,0,0,0,0,21.47,100,0,0,0,0,0,0,0,0,0,0,0,0,0,0,0,0,0,0
2025-07-17T11:00:07.975837956Z,9.79,100,9.84,100,0,0,0,0,0,0,0,0,0,0,0,0,0,0,0,0,17.44,100,21.47,100,0,0,0,0,0,0,0,0,0,0,0,0,0,0,0,0
2025-07-17T11:00:07.975972618Z,9.79,100,9.84,100,0,0,0,0,0,0,0,0,0,0,0,0,0,0,0,0,17.44,100,0,0,0,0,0,0,0,0,0,0,0,0,0,0,0,0,0,0
2025-07-17T11:00:07.975979367Z,9.79,100,9.84,100,0,0,0,0,0,0,0,0,0,0,0,0,0,0,0,0,17.36,100,17.44,100,0,0,0,0,0,0,0,0,0,0,0,0,0,0,0,0
2025-07-17T11:00:08.254975294Z,9.79,100,9.84,100,0,0,0,0,0,0,0,0,0,0,0,0,0,0,0,0,17.36,100,0,0,0,0,0,0,0,0,0,0,0,0,0,0,0,0,0,0
2025-07-17T11:00:08.254985173Z,9.79,100,9.84,100,0,0,0,0,0,0,0,0,0,0,0,0,0,0,0,0,17.36,100,18.92,100,0,0,0,0,0,0,0,0,0,0,0,0,0,0,0,0
2025-07-17T11:00:08.255147130Z,9.79,100,9.84,100,0,0,0,0,0,0,0,0,0,0,0,0,0,0,0,0,18.92,100,0,0,0,0,0,0,0,0,0,0,0,0,0,0,0,0,0,0
2025-07-17T11:00:08.255155317Z,9.79,100,9.84,100,0,0,0,0,0,0,0,0,0,0,0,0,0,0,0,0,18.84,100,18.92,100,0,0,0,0,0,0,0,0,0,0,0,0,0,0,0,0
2025-07-17T11:00:08.255862656Z,9.79,100,9.84,100,0,0,0,0,0,0,0,0,0,0,0,0,0,0,0,0,18.84,100,0,0,0,0,0,0,0,0,0,0,0,0,0,0,0,0,0,0
2025-07-17T11:00:08.255871843Z,9.79,100,9.84,100,0,0,0,0,0,0,0,0,0,0,0,0,0,0,0,0,18.84,100,20.62,100,0,0,0,0,0,0,0,0,0,0,0,0,0,0,0,0
2025-07-17T11:00:08.256168895Z,9.79,100,9.84,100,0,0,0,0,0,0,0,0,0,0,0,0,0,0,0,0,20.62,100,0,0,0,0,0,0,0,0,0,0,0,0,0,0,0,0,0,0
2025-07-17T11:00:08.256175346Z,9.79,100,9.84,100,0,0,0,0,0,0,0,0,0,0,0,0,0,0,0,0,20.53,100,20.62,100,0,0,0,0,0,0,0,0,0,0,0,0,0,0,0,0
2025-07-17T11:00:08.256885010Z,9.79,100,9.84,100,0,0,0,0,0,0,0,0,0,0,0,0,0,0,0,0,20.53,100,0,0,0,0,0,0,0,0,0,0,0,0,0,0,0,0,0,0
2025-07-17T11:00:08.256892686Z,9.79,100,9.84,100,0,0,0,0,0,0,0,0,0,0,0,0,0,0,0,0,20.53,100,21.47,100,0,0,0,0,0,0,0,0,0,0,0,0,0,0,0,0
2025-07-17T11:00:08.257069458Z,9.79,100,9.84,100,0,0,0,0,0,0,0,0,0,0,0,0,0,0,0,0,21.47,100,0,0,0,0,0,0,0,0,0,0,0,0,0,0,0,0,0,0
2025-07-17T11:00:08.257076085Z,9.79,100,9.84,100,0,0,0,0,0,0,0,0,0,0,0,0,0,0,0,0,21.47,200,0,0,0,0,0,0,0,0,0,0,0,0,0,0,0,0,0,0
2025-07-17T11:01:05.260421351Z,9.79,100,9.84,100,0,0,0,0,0,0,0,0,0,0,0,0,0,0,0,0,21.47,100,0,0,0,0,0,0,0,0,0,0,0,0,0,0,0,0,0,0
2025-07-17T11:01:05.260445703Z,9.79,100,9.84,100,0,0,0,0,0,0,0,0,0,0,0,0,0,0,0,0,17.44,100,21.47,100,0,0,0,0,0,0,0,0,0,0,0,0,0,0,0,0
2025-07-17T11:01:05.260693130Z,9.79,100,9.84,100,0,0,0,0,0,0,0,0,0,0,0,0,0,0,0,0,17.44,100,0,0,0,0,0,0,0,0,0,0,0,0,0,0,0,0,0,0
2025-07-17T11:01:05.260709480Z,9.79,100,9.84,100,0,0,0,0,0,0,0,0,0,0,0,0,0,0,0,0,17.36,100,17.44,100,0,0,0,0,0,0,0,0,0,0,0,0,0,0,0,0
2025-07-17T11:56:26.691461161Z,9.84,100,0,0,0,0,0,0,0,0,0,0,0,0,0,0,0,0,0,0,17.36,100,17.44,100,0,0,0,0,0,0,0,0,0,0,0,0,0,0,0,0
2025-07-17T11:56:26.691465204Z,9.84,100,0,0,0,0,0,0,0,0,0,0,0,0,0,0,0,0,0,0,17.36,100,0,0,0,0,0,0,0,0,0,0,0,0,0,0,0,0,0,0
2025-07-17T11:56:26.694767820Z,9.79,100,9.84,100,0,0,0,0,0,0,0,0,0,0,0,0,0,0,0,0,17.36,100,0,0,0,0,0,0,0,0,0,0,0,0,0,0,0,0,0,0
2025-07-17T11:56:26.694772016Z,9.79,100,9.84,100,0,0,0,0,0,0,0,0,0,0,0,0,0,0,0,0,17.36,100,17.44,100,0,0,0,0,0,0,0,0,0,0,0,0,0,0,0,0
2025-07-17T11:56:30.445937099Z,9.79,100,9.84,100,0,0,0,0,0,0,0,0,0,0,0,0,0,0,0,0,17.36,100,0,0,0,0,0,0,0,0,0,0,0,0,0,0,0,0,0,0
2025-07-17T11:56:30.445951937Z,9.79,100,9.84,100,0,0,0,0,0,0,0,0,0,0,0,0,0,0,0,0,17.36,100,17.93,100,0,0,0,0,0,0,0,0,0,0,0,0,0,0,0,0
2025-07-17T11:56:30.446066952Z,9.79,100,9.84,100,0,0,0,0,0,0,0,0,0,0,0,0,0,0,0,0,17.36,100,0,0,0,0,0,0,0,0,0,0,0,0,0,0,0,0,0,0
2025-07-17T11:56:30.446084801Z,9.79,100,9.84,100,0,0,0,0,0,0,0,0,0,0,0,0,0,0,0,0,17.36,100,17.44,100,0,0,0,0,0,0,0,0,0,0,0,0,0,0,0,0
2025-07-17T11:56:30.446191769Z,9.79,100,9.84,100,0,0,0,0,0,0,0,0,0,0,0,0,0,0,0,0,17.44,100,0,0,0,0,0,0,0,0,0,0,0,0,0,0,0,0,0,0
2025-07-17T11:56:30.446213519Z,9.79,100,9.84,100,0,0,0,0,0,0,0,0,0,0,0,0,0,0,0,0,17.44,100,17.85,100,0,0,0,0,0,0,0,0,0,0,0,0,0,0,0,0
2025-07-17T11:56:30.446378732Z,9.79,100,9.84,100,0,0,0,0,0,0,0,0,0,0,0,0,0,0,0,0,17.44,100,0,0,0,0,0,0,0,0,0,0,0,0,0,0,0,0,0,0
2025-07-17T11:56:30.446558412Z,9.79,100,9.84,100,0,0,0,0,0,0,0,0,0,0,0,0,0,0,0,0,17.36,100,17.44,100,0,0,0,0,0,0,0,0,0,0,0,0,0,0,0,0
2025-07-17T11:57:30.222822537Z,9.79,100,0,0,0,0,0,0,0,0,0,0,0,0,0,0,0,0,0,0,17.36,100,17.44,100,0,0,0,0,0,0,0,0,0,0,0,0,0,0,0,0
2025-07-17T11:57:30.222823580Z,9.79,100,0,0,0,0,0,0,0,0,0,0,0,0,0,0,0,0,0,0,17.44,100,0,0,0,0,0,0,0,0,0,0,0,0,0,0,0,0,0,0
2025-07-17T11:57:30.223986626Z,9.79,100,9.84,100,0,0,0,0,0,0,0,0,0,0,0,0,0,0,0,0,17.44,100,0,0,0,0,0,0,0,0,0,0,0,0,0,0,0,0,0,0
2025-07-17T11:57:30.223991040Z,9.79,100,9.84,100,0,0,0,0,0,0,0,0,0,0,0,0,0,0,0,0,17.36,100,17.44,100,0,0,0,0,0,0,0,0,0,0,0,0,0,0,0,0
2025-07-17T12:30:01.317842911Z,9.79,100,9.84,100,0,0,0,0,0,0,0,0,0,0,0,0,0,0,0,0,17.36,100,17.44,100,20.48,100,0,0,0,0,0,0,0,0,0,0,0,0,0,0
2025-07-17T12:30:03.426300621Z,7.74,100,9.79,100,9.84,100,0,0,0,0,0,0,0,0,0,0,0,0,0,0,17.36,100,17.44,100,20.48,100,0,0,0,0,0,0,0,0,0,0,0,0,0,0
2025-07-17T12:30:03.426301523Z,7.74,100,9.79,100,9.84,100,0,0,0,0,0,0,0,0,0,0,0,0,0,0,17.36,100,17.44,100,20.48,200,0,0,0,0,0,0,0,0,0,0,0,0,0,0
2025-07-17T12:30:03.604533925Z,7.74,200,9.79,100,9.84,100,0,0,0,0,0,0,0,0,0,0,0,0,0,0,17.36,100,17.44,100,20.48,200,0,0,0,0,0,0,0,0,0,0,0,0,0,0
2025-07-17T12:30:51.178228608Z,7.74,200,9.79,100,9.84,100,0,0,0,0,0,0,0,0,0,0,0,0,0,0,17.36,100,17.44,100,20.48,300,0,0,0,0,0,0,0,0,0,0,0,0,0,0
2025-07-17T12:30:51.642959794Z,7.74,300,9.79,100,9.84,100,0,0,0,0,0,0,0,0,0,0,0,0,0,0,17.36,100,17.44,100,20.48,300,0,0,0,0,0,0,0,0,0,0,0,0,0,0
2025-07-17T13:15:00.032446132Z,7.74,300,9.79,100,9.84,100,0,0,0,0,0,0,0,0,0,0,0,0,0,0,17.36,100,20.48,300,0,0,0,0,0,0,0,0,0,0,0,0,0,0,0,0
2025-07-17T13:15:00.032483824Z,7.74,300,9.84,100,0,0,0,0,0,0,0,0,0,0,0,0,0,0,0,0,17.36,100,20.48,300,0,0,0,0,0,0,0,0,0,0,0,0,0,0,0,0
2025-07-17T13:15:00.058314138Z,7.74,300,9.84,100,0,0,0,0,0,0,0,0,0,0,0,0,0,0,0,0,20.48,300,0,0,0,0,0,0,0,0,0,0,0,0,0,0,0,0,0,0
2025-07-17T13:15:00.058371545Z,7.74,300,0,0,0,0,0,0,0,0,0,0,0,0,0,0,0,0,0,0,20.48,300,0,0,0,0,0,0,0,0,0,0,0,0,0,0,0,0,0,0
2025-07-17T13:15:01.925073727Z,7.74,400,0,0,0,0,0,0,0,0,0,0,0,0,0,0,0,0,0,0,20.48,300,0,0,0,0,0,0,0,0,0,0,0,0,0,0,0,0,0,0
2025-07-17T13:15:02.042741730Z,7.74,400,0,0,0,0,0,0,0,0,0,0,0,0,0,0,0,0,0,0,20.48,400,0,0,0,0,0,0,0,0,0,0,0,0,0,0,0,0,0,0
2025-07-17T13:17:49.831164624Z,7.74,500,0,0,0,0,0,0,0,0,0,0,0,0,0,0,0,0,0,0,20.48,400,0,0,0,0,0,0,0,0,0,0,0,0,0,0,0,0,0,0
2025-07-17T13:17:49.831544051Z,7.74,500,0,0,0,0,0,0,0,0,0,0,0,0,0,0,0,0,0,0,20.48,500,0,0,0,0,0,0,0,0,0,0,0,0,0,0,0,0,0,0
2025-07-17T13:19:57.597203040Z,7.74,500,8.74,100,0,0,0,0,0,0,0,0,0,0,0,0,0,0,0,0,20.48,500,0,0,0,0,0,0,0,0,0,0,0,0,0,0,0,0,0,0
2025-07-17T13:19:57.597291053Z,7.74,500,8.74,100,0,0,0,0,0,0,0,0,0,0,0,0,0,0,0,0,18.35,100,20.48,500,0,0,0,0,0,0,0,0,0,0,0,0,0,0,0,0
2025-07-17T13:19:58.492619751Z,7.74,500,8.74,100,0,0,0,0,0,0,0,0,0,0,0,0,0,0,0,0,18.24,100,18.35,100,20.48,500,0,0,0,0,0,0,0,0,0,0,0,0,0,0
2025-07-17T13:19:58.492634480Z,7.74,500,8.74,100,9.24,100,0,0,0,0,0,0,0,0,0,0,0,0,0,0,18.24,100,18.35,100,20.48,500,0,0,0,0,0,0,0,0,0,0,0,0,0,0
2025-07-17T13:20:00.525263842Z,7.74,500,8.74,100,9.24,100,0,0,0,0,0,0,0,0,0,0,0,0,0,0,18.35,100,20.48,500,0,0,0,0,0,0,0,0,0,0,0,0,0,0,0,0
2025-07-17T13:20:00.525264700Z,7.74,500,8.74,100,0,0,0,0,0,0,0,0,0,0,0,0,0,0,0,0,18.35,100,20.48,500,0,0,0,0,0,0,0,0,0,0,0,0,0,0,0,0
2025-07-17T13:25:00.157467184Z,7.74,500,0,0,0,0,0,0,0,0,0,0,0,0,0,0,0,0,0,0,18.35,100,20.48,500,0,0,0,0,0,0,0,0,0,0,0,0,0,0,0,0
2025-07-17T13:25:00.157473422Z,7.74,500,0,0,0,0,0,0,0,0,0,0,0,0,0,0,0,0,0,0,20.48,500,0,0,0,0,0,0,0,0,0,0,0,0,0,0,0,0,0,0
2025-07-17T13:25:01.732320109Z,7.74,600,0,0,0,0,0,0,0,0,0,0,0,0,0,0,0,0,0,0,20.48,500,0,0,0,0,0,0,0,0,0,0,0,0,0,0,0,0,0,0
2025-07-17T13:25:01.819282823Z,7.74,600,0,0,0,0,0,0,0,0,0,0,0,0,0,0,0,0,0,0,20.48,600,0,0,0,0,0,0,0,0,0,0,0,0,0,0,0,0,0,0
2025-07-17T13:28:08.191915168Z,7.74,700,0,0,0,0,0,0,0,0,0,0,0,0,0,0,0,0,0,0,20.48,600,0,0,0,0,0,0,0,0,0,0,0,0,0,0,0,0,0,0
2025-07-17T13:28:08.191982270Z,7.74,700,0,0,0,0,0,0,0,0,0,0,0,0,0,0,0,0,0,0,20.48,700,0,0,0,0,0,0,0,0,0,0,0,0,0,0,0,0,0,0
2025-07-17T13:28:21.011249114Z,7.74,700,0,0,0,0,0,0,0,0,0,0,0,0,0,0,0,0,0,0,18.32,700,20.48,700,0,0,0,0,0,0,0,0,0,0,0,0,0,0,0,0
2025-07-17T13:28:21.028865155Z,7.74,700,9.29,700,0,0,0,0,0,0,0,0,0,0,0,0,0,0,0,0,18.32,700,20.48,700,0,0,0,0,0,0,0,0,0,0,0,0,0,0,0,0
2025-07-17T13:28:30.048730211Z,7.74,700,9.29,700,9.67,100,0,0,0,0,0,0,0,0,0,0,0,0,0,0,18.32,700,20.48,700,0,0,0,0,0,0,0,0,0,0,0,0,0,0,0,0
2025-07-17T13:28:30.048741690Z,7.74,700,9.29,700,9.67,100,0,0,0,0,0,0,0,0,0,0,0,0,0,0,17.6,100,18.32,700,20.48,700,0,0,0,0,0,0,0,0,0,0,0,0,0,0
2025-07-17T13:28:30.051894007Z,7.74,700,9.29,700,9.67,100,9.99,100,0,0,0,0,0,0,0,0,0,0,0,0,17.6,100,18.32,700,20.48,700,0,0,0,0,0,0,0,0,0,0,0,0,0,0
2025-07-17T13:28:30.051907073Z,7.74,700,9.29,700,9.67,100,9.99,100,0,0,0,0,0,0,0,0,0,0,0,0,17.12,100,17.6,100,18.32,700,20.48,700,0,0,0,0,0,0,0,0,0,0,0,0
2025-07-17T13:28:30.256853564Z,7.74,700,9.29,700,9.67,200,9.99,100,0,0,0,0,0,0,0,0,0,0,0,0,17.12,100,17.6,100,18.32,700,20.48,700,0,0,0,0,0,0,0,0,0,0,0,0
2025-07-17T13:28:30.256865858Z,7.74,700,9.29,700,9.67,200,9.99,100,0,0,0,0,0,0,0,0,0,0,0,0,17.12,100,17.6,200,18.32,700,20.48,700,0,0,0,0,0,0,0,0,0,0,0,0
2025-07-17T13:28:30.277457031Z,7.74,700,9.29,700,9.67,200,9.99,200,0,0,0,0,0,0,0,0,0,0,0,0,17.12,100,17.6,200,18.32,700,20.48,700,0,0,0,0,0,0,0,0,0,0,0,0
2025-07-17T13:28:30.277470320Z,7.74,700,9.29,700,9.67,200,9.99,200,0,0,0,0,0,0,0,0,0,0,0,0,17.12,200,17.6,200,18.32,700,20.48,700,0,0,0,0,0,0,0,0,0,0,0,0
2025-07-17T13:28:30.613317490Z,7.74,700,9.13,100,9.29,700,9.67,200,9.99,200,0,0,0,0,0,0,0,0,0,0,17.12,200,17.6,200,18.32,700,20.48,700,0,0,0,0,0,0,0,0,0,0,0,0
2025-07-17T13:28:30.613329849Z,7.74,700,9.13,100,9.29,700,9.67,200,9.99,200,0,0,0,0,0,0,0,0,0,0,17.12,200,17.6,200,18.32,700,18.4,100,20.48,700,0,0,0,0,0,0,0,0,0,0
2025-07-17T13:28:41.476711173Z,7.74,700,7.84,100,9.13,100,9.29,700,9.67,200,9.99,200,0,0,0,0,0,0,0,0,17.12,200,17.6,200,18.32,700,18.4,100,20.48,700,0,0,0,0,0,0,0,0,0,0
2025-07-17T13:28:41.476722715Z,7.74,700,7.84,100,9.13,100,9.29,700,9.67,200,9.99,200,0,0,0,0,0,0,0,0,17.12,200,17.6,200,18.32,700,18.4,100,20.32,100,20.48,700,0,0,0,0,0,0,0,0
2025-07-17T13:28:46.014739305Z,7.74,700,7.84,100,9.13,100,9.29,700,9.67,200,9.99,200,0,0,0,0,0,0,0,0,15.3,100,17.12,200,17.6,200,18.32,700,18.4,100,20.32,100,20.48,700,0,0,0,0,0,0
2025-07-17T13:28:46.014802018Z,7.74,700,7.84,100,9.13,100,9.29,700,9.67,200,9.99,200,0,0,0,0,0,0,0,0,15.3,100,17.12,200,17.6,200,18.32,700,18.4,100,20.32,100,20.48,600,0,0,0,0,0,0
2025-07-17T13:28:46.014802018Z,7.74,700,7.84,100,9.13,100,9.29,700,9.67,200,9.99,200,0,0,0,0,0,0,0,0,15.3,100,17.12,200,17.6,200,18.32,700,18.4,100,19.58,100,20.32,100,20.48,600,0,0,0,0
2025-07-17T13:28:46.014803011Z,7.74,700,7.84,100,9.13,100,9.29,700,9.67,200,9.99,200,0,0,0,0,0,0,0,0,15.3,100,17.12,200,17.6,200,18.32,700,18.4,100,19.58,100,20.32,100,20.48,500,0,0,0,0
2025-07-17T13:28:46.014803011Z,7.74,700,7.84,100,9.13,100,9.29,700,9.67,200,9.99,200,0,0,0,0,0,0,0,0,15.3,100,17.12,200,17.6,200,18.32,700,18.4,100,19.58,200,20.32,100,20.48,500,0,0,0,0
2025-07-17T13:28:46.014804158Z,7.74,700,7.84,100,9.13,100,9.29,700,9.67,200,9.99,200,0,0,0,0,0,0,0,0,15.3,100,17.12,200,17.6,200,18.32,700,18.4,100,19.58,200,20.32,100,20.48,400,0,0,0,0
2025-07-17T13:28:46.014804158Z,7.74,700,7.84,100,9.13,100,9.29,700,9.67,200,9.99,200,0,0,0,0,0,0,0,0,15.3,100,17.12,200,17.6,200,18.32,700,18.4,100,19.58,300,20.32,100,20.48,400,0,0,0,0
2025-07-17T13:28:46.014804564Z,7.74,700,7.84,100,9.13,100,9.29,700,9.67,200,9.99,200,0,0,0,0,0,0,0,0,15.3,100,17.12,200,17.6,200,18.32,700,18.4,100,19.58,300,20.32,100,20.48,300,0,0,0,0
2025-07-17T13:28:46.014804564Z,7.74,700,7.84,100,9.13,100,9.29,700,9.67,200,9.99,200,0,0,0,0,0,0,0,0,15.3,100,17.12,200,17.6,200,18.32,700,18.4,100,19.58,400,20.32,100,20.48,300,0,0,0,0
2025-07-17T13:28:46.014805680Z,7.74,700,7.84,100,9.13,100,9.29,700,9.67,200,9.99,200,0,0,0,0,0,0,0,0,15.3,100,17.12,200,17.6,200,18.32,700,18.4,100,19.58,400,20.32,100,20.48,200,0,0,0,0
2025-07-17T13:28:46.014805680Z,7.74,700,7.84,100,9.13,100,9.29,700,9.67,200,9.99,200,0,0,0,0,0,0,0,0,15.3,100,17.12,200,17.6,200,18.32,700,18.4,100,19.58,500,20.32,100,20.48,200,0,0,0,0
2025-07-17T13:28:46.014805841Z,7.74,700,7.84,100,9.13,100,9.29,700,9.67,200,9.99,200,0,0,0,0,0,0,0,0,15.3,100,17.12,200,17.6,200,18.32,700,18.4,100,19.58,500,20.32,100,20.48,100,0,0,0,0
2025-07-17T13:28:46.014805841Z,7.74,700,7.84,100,9.13,100,9.29,700,9.67,200,9.99,200,0,0,0,0,0,0,0,0,15.3,100,17.12,200,17.6,200,18.32,700,18.4,100,19.58,600,20.32,100,20.48,100,0,0,0,0
2025-07-17T13:28:46.014807086Z,7.74,700,7.84,100,9.13,100,9.29,700,9.67,200,9.99,200,0,0,0,0,0,0,0,0,15.3,100,17.12,200,17.6,200,18.32,700,18.4,100,19.58,600,20.32,100,0,0,0,0,0,0
2025-07-17T13:28:46.014807086Z,7.74,700,7.84,100,9.13,100,9.29,700,9.67,200,9.99,200,0,0,0,0,0,0,0,0,15.3,100,17.12,200,17.6,200,18.32,700,18.4,100,19.58,700,20.32,100,0,0,0,0,0,0
2025-07-17T13:28:46.015523291Z,7.74,700,7.84,100,9.13,100,9.29,700,9.67,200,9.99,200,10.18,700,0,0,0,0,0,0,15.3,100,17.12,200,17.6,200,18.32,700,18.4,100,19.58,700,20.32,100,0,0,0,0,0,0
2025-07-17T13:28:46.015525315Z,7.74,700,7.84,100,9.13,100,9.29,700,9.67,200,9.99,200,10.18,700,0,0,0,0,0,0,15.3,100,16.11,700,17.12,200,17.6,200,18.32,700,18.4,100,19.58,700,20.32,100,0,0,0,0
2025-07-17T13:28:46.017209641Z,7.74,700,7.84,100,9.13,100,9.29,700,9.67,200,9.99,200,10.18,700,0,0,0,0,0,0,15.3,100,16.11,700,17.12,100,17.6,200,18.32,700,18.4,100,19.58,700,20.32,100,0,0,0,0
2025-07-17T13:28:46.017209641Z,7.74,700,7.84,100,9.13,100,9.29,700,9.67,200,9.99,200,10.18,700,0,0,0,0,0,0,15.3,100,16.11,700,16.38,100,17.12,100,17.6,200,18.32,700,18.4,100,19.58,700,20.32,100,0,0
2025-07-17T13:28:46.017260228Z,7.74,700,7.84,100,9.13,100,9.29,700,9.67,200,9.99,200,10.18,700,0,0,0,0,0,0,15.3,100,16.11,700,16.38,100,17.12,100,17.6,100,18.32,700,18.4,100,19.58,700,20.32,100,0,0
2025-07-17T13:28:46.017260228Z,7.74,700,7.84,100,9.13,100,9.29,700,9.67,200,9.99,200,10.18,700,0,0,0,0,0,0,15.3,100,16.11,700,16.38,100,16.83,100,17.12,100,17.6,100,18.32,700,18.4,100,19.58,700,20.32,100
2025-07-17T13:28:46.017531156Z,7.74,700,7.84,100,9.13,100,9.29,700,9.67,200,9.99,200,10.18,700,0,0,0,0,0,0,15.3,100,16.11,700,16.38,100,16.83,100,17.6,100,18.32,700,18.4,100,19.58,700,20.32,100,0,0
2025-07-17T13:28:46.017531156Z,7.74,700,7.84,100,9.13,100,9.29,700,9.67,200,9.99,200,10.18,700,0,0,0,0,0,0,15.3,100,16.11,700,16.38,200,16.83,100,17.6,100,18.32,700,18.4,100,19.58,700,20.32,100,0,0
2025-07-17T13:28:46.017657609Z,7.74,700,7.84,100,9.13,100,9.29,700,9.67,200,9.99,200,10.18,700,0,0,0,0,0,0,15.3,100,16.11,700,16.38,200,16.83,100,18.32,700,18.4,100,19.58,700,20.32,100,0,0,0,0
2025-07-17T13:28:46.017657609Z,7.74,700,7.84,100,9.13,100,9.29,700,9.67,200,9.99,200,10.18,700,0,0,0,0,0,0,15.3,100,16.11,700,16.38,200,16.83,200,18.32,700,18.4,100,19.58,700,20.32,100,0,0,0,0
2025-07-17T13:28:46.017721028Z,7.74,700,7.84,100,9.13,100,9.29,700,9.67,200,9.99,200,10.18,700,0,0,0,0,0,0,15.3,100,16.11,700,16.38,200,16.83,200,18.32,700,19.58,700,20.32,100,0,0,0,0,0,0
2025-07-17T13:28:46.017721028Z,7.74,700,7.84,100,9.13,100,9.29,700,9.67,200,9.99,200,10.18,700,0,0,0,0,0,0,15.3,100,16.11,700,16.38,200,16.83,200,17.6,100,18.32,700,19.58,700,20.32,100,0,0,0,0
2025-07-17T13:28:46.017837874Z,7.74,700,7.84,100,9.13,100,9.29,700,9.67,200,9.99,200,10.18,700,0,0,0,0,0,0,15.3,100,16.11,700,16.38,200,16.83,200,17.6,100,18.32,700,19.58,700,0,0,0,0,0,0
2025-07-17T13:28:46.017837874Z,7.74,700,7.84,100,9.13,100,9.29,700,9.67,200,9.99,200,10.18,700,0,0,0,0,0,0,15.3,100,16.11,700,16.38,200,16.83,200,17.6,100,18.32,700,19.44,100,19.58,700,0,0,0,0
2025-07-17T13:28:46.022095254Z,7.74,700,7.84,100,9.13,100,9.29,700,9.67,200,9.99,200,10.05,700,10.18,700,0,0,0,0,15.3,100,16.11,700,16.38,200,16.83,200,17.6,100,18.32,700,19.44,100,19.58,700,0,0,0,0
2025-07-17T13:28:46.022822832Z,7.74,700,7.84,100,9.13,100,9.29,700,9.67,200,9.99,200,10.05,700,10.18,700,0,0,0,0,15.3,100,16.11,700,16.3,700,16.38,200,16.83,200,17.6,100,18.32,700,19.44,100,19.58,700,0,0
2025-07-17T13:28:46.025816567Z,7.74,700,7.84,100,9.13,100,9.29,700,9.67,200,9.99,200,10.05,700,10.18,700,11.76,100,0,0,15.3,100,16.11,700,16.3,700,16.38,200,16.83,200,17.6,100,18.32,700,19.44,100,19.58,700,0,0
2025-07-17T13:28:46.025870563Z,7.74,600,7.84,100,9.13,100,9.29,700,9.67,200,9.99,200,10.05,700,10.18,700,11.76,100,0,0,15.3,100,16.11,700,16.3,700,16.38,200,16.83,200,17.6,100,18.32,700,19.44,100,19.58,700,0,0
2025-07-17T13:28:46.025870563Z,7.74,600,7.84,100,8.47,100,9.13,100,9.29,700,9.67,200,9.99,200,10.05,700,10.18,700,11.76,100,15.3,100,16.11,700,16.3,700,16.38,200,16.83,200,17.6,100,18.32,700,19.44,100,19.58,700,0,0
2025-07-17T13:28:46.025872146Z,7.74,500,7.84,100,8.47,100,9.13,100,9.29,700,9.67,200,9.99,200,10.05,700,10.18,700,11.76,100,15.3,100,16.11,700,16.3,700,16.38,200,16.83,200,17.6,100,18.32,700,19.44,100,19.58,700,0,0
2025-07-17T13:28:46.025872146Z,7.74,500,7.84,100,8.47,200,9.13,100,9.29,700,9.67,200,9.99,200,10.05,700,10.18,700,11.76,100,15.3,100,16.11,700,16.3,700,16.38,200,16.83,200,17.6,100,18.32,700,19.44,100,19.58,700,0,0
2025-07-17T13:28:46.025873388Z,7.74,400,7.84,100,8.47,200,9.13,100,9.29,700,9.67,200,9.99,200,10.05,700,10.18,700,11.76,100,15.3,100,16.11,700,16.3,700,16.38,200,16.83,200,17.6,100,18.32,700,19.44,100,19.58,700,0,0
2025-07-17T13:28:46.025873388Z,7.74,400,7.84,100,8.47,300,9.13,100,9.29,700,9.67,200,9.99,200,10.05,700,10.18,700,11.76,100,15.3,100,16.11,700,16.3,700,16.38,200,16.83,200,17.6,100,18.32,700,19.44,100,19.58,700,0,0
2025-07-17T13:28:46.025874774Z,7.74,300,7.84,100,8.47,300,9.13,100,9.29,700,9.67,200,9.99,200,10.05,700,10.18,700,11.76,100,15.3,100,16.11,700,16.3,700,16.38,200,16.83,200,17.6,100,18.32,700,19.44,100,19.58,700,0,0
2025-07-17T13:28:46.025874774Z,7.74,300,7.84,100,8.47,400,9.13,100,9.29,700,9.67,200,9.99,200,10.05,700,10.18,700,11.76,100,15.3,100,16.11,700,16.3,700,16.38,200,16.83,200,17.6,100,18.32,700,19.44,100,19.58,700,0,0
2025-07-17T13:28:46.025875041Z,7.74,200,7.84,100,8.47,400,9.13,100,9.29,700,9.67,200,9.99,200,10.05,700,10.18,700,11.76,100,15.3,100,16.11,700,16.3,700,16.38,200,16.83,200,17.6,100,18.32,700,19.44,100,19.58,700,0,0
2025-07-17T13:28:46.025875041Z,7.74,200,7.84,100,8.47,500,9.13,100,9.29,700,9.67,200,9.99,200,10.05,700,10.18,700,11.76,100,15.3,100,16.11,700,16.3,700,16.38,200,16.83,200,17.6,100,18.32,700,19.44,100,19.58,700,0,0
2025-07-17T13:28:46.025875401Z,7.74,100,7.84,100,8.47,500,9.13,100,9.29,700,9.67,200,9.99,200,10.05,700,10.18,700,11.76,100,15.3,100,16.11,700,16.3,700,16.38,200,16.83,200,17.6,100,18.32,700,19.44,100,19.58,700,0,0
2025-07-17T13:28:46.025875401Z,7.74,100,7.84,100,8.47,600,9.13,100,9.29,700,9.67,200,9.99,200,10.05,700,10.18,700,11.76,100,15.3,100,16.11,700,16.3,700,16.38,200,16.83,200,17.6,100,18.32,700,19.44,100,19.58,700,0,0
2025-07-17T13:28:46.025877502Z,7.84,100,8.47,600,9.13,100,9.29,700,9.67,200,9.99,200,10.05,700,10.18,700,11.76,100,0,0,15.3,100,16.11,700,16.3,700,16.38,200,16.83,200,17.6,100,18.32,700,19.44,100,19.58,700,0,0
2025-07-17T13:28:46.025877502Z,7.84,100,8.47,700,9.13,100,9.29,700,9.67,200,9.99,200,10.05,700,10.18,700,11.76,100,0,0,15.3,100,16.11,700,16.3,700,16.38,200,16.83,200,17.6,100,18.32,700,19.44,100,19.58,700,0,0
2025-07-17T13:28:46.027560174Z,7.84,100,8.47,700,9.13,100,9.29,700,9.67,200,9.99,100,10.05,700,10.18,700,11.76,100,0,0,15.3,100,16.11,700,16.3,700,16.38,200,16.83,200,17.6,100,18.32,700,19.44,100,19.58,700,0,0
2025-07-17T13:28:46.027560174Z,7.84,100,8.47,700,9.13,100,9.29,700,9.67,200,9.99,100,10.05,700,10.18,700,10.93,100,11.76,100,15.3,100,16.11,700,16.3,700,16.38,200,16.83,200,17.6,100,18.32,700,19.44,100,19.58,700,0,0
2025-07-17T13:28:46.029556957Z,7.84,100,8.47,700,9.13,100,9.29,700,9.67,100,9.99,100,10.05,700,10.18,700,10.93,100,11.76,100,15.3,100,16.11,700,16.3,700,16.38,200,16.83,200,17.6,100,18.32,700,19.44,100,19.58,700,0,0
2025-07-17T13:28:46.029556957Z,7.84,100,8.47,700,9.13,100,9.29,700,9.67,100,9.99,100,10.05,700,10.18,700,10.58,100,10.93,100,15.3,100,16.11,700,16.3,700,16.38,200,16.83,200,17.6,100,18.32,700,19.44,100,19.58,700,0,0
2025-07-17T13:28:46.029609064Z,8.47,700,9.13,100,9.29,700,9.67,100,9.99,100,10.05,700,10.18,700,10.58,100,10.93,100,11.76,100,15.3,100,16.11,700,16.3,700,16.38,200,16.83,200,17.6,100,18.32,700,19.44,100,19.58,700,0,0
2025-07-17T13:28:46.029609064Z,8.47,700,8.58,100,9.13,100,9.29,700,9.67,100,9.99,100,10.05,700,10.18,700,10.58,100,10.93,100,15.3,100,16.11,700,16.3,700,16.38,200,16.83,200,17.6,100,18.32,700,19.44,100,19.58,700,0,0
2025-07-17T13:28:46.031073916Z,8.47,700,8.58,100,9.29,700,9.67,100,9.99,100,10.05,700,10.18,700,10.58,100,10.93,100,11.76,100,15.3,100,16.11,700,16.3,700,16.38,200,16.83,200,17.6,100,18.32,700,19.44,100,19.58,700,0,0
2025-07-17T13:28:46.031073916Z,8.47,700,8.58,100,9.29,700,9.67,100,9.99,200,10.05,700,10.18,700,10.58,100,10.93,100,11.76,100,15.3,100,16.11,700,16.3,700,16.38,200,16.83,200,17.6,100,18.32,700,19.44,100,19.58,700,0,0
2025-07-17T13:28:46.037954661Z,8.47,700,8.58,100,9.29,700,9.99,200,10.05,700,10.18,700,10.58,100,10.93,100,11.76,100,0,0,15.3,100,16.11,700,16.3,700,16.38,200,16.83,200,17.6,100,18.32,700,19.44,100,19.58,700,0,0
2025-07-17T13:28:46.037954661Z,8.47,700,8.58,100,9.29,700,9.99,200,10.05,700,10.18,700,10.58,200,10.93,100,11.76,100,0,0,15.3,100,16.11,700,16.3,700,16.38,200,16.83,200,17.6,100,18.32,700,19.44,100,19.58,700,0,0
2025-07-17T13:28:46.042858782Z,8.47,700,8.58,100,9.29,700,9.99,100,10.05,700,10.18,700,10.58,200,10.93,100,11.76,100,0,0,15.3,100,16.11,700,16.3,700,16.38,200,16.83,200,17.6,100,18.32,700,19.44,100,19.58,700,0,0
2025-07-17T13:28:46.042858782Z,8.47,700,8.58,100,9.29,700,9.99,100,10.05,700,10.18,700,10.58,200,10.93,200,11.76,100,0,0,15.3,100,16.11,700,16.3,700,16.38,200,16.83,200,17.6,100,18.32,700,19.44,100,19.58,700,0,0
2025-07-17T13:28:52.312295020Z,8.47,700,8.58,100,9.29,700,9.99,100,10.05,700,10.18,700,10.58,200,10.75,700,10.93,200,11.76,100,15.3,100,16.11,700,16.3,700,16.38,200,16.83,200,17.6,100,18.32,700,19.44,100,19.58,700,0,0
2025-07-17T13:28:52.312330796Z,8.47,700,8.58,100,9.29,700,9.99,100,10.18,700,10.58,200,10.75,700,10.93,200,11.76,100,0,0,15.3,100,16.11,700,16.3,700,16.38,200,16.83,200,17.6,100,18.32,700,19.44,100,19.58,700,0,0
2025-07-17T13:28:52.512292648Z,8.47,700,8.58,100,9.29,700,9.99,100,10.18,700,10.58,200,10.75,700,10.93,200,10.99,700,11.76,100,15.3,100,16.11,700,16.3,700,16.38,200,16.83,200,17.6,100,18.32,700,19.44,100,19.58,700,0,0
2025-07-17T13:28:52.513090520Z,8.47,700,8.58,100,9.29,700,9.99,100,10.18,700,10.58,200,10.93,200,10.99,700,11.76,100,0,0,15.3,100,16.11,700,16.3,700,16.38,200,16.83,200,17.6,100,18.32,700,19.44,100,19.58,700,0,0
2025-07-17T13:28:53.957067631Z,8.47,700,8.58,100,9.29,700,9.99,100,10.18,700,10.58,200,10.93,200,10.99,700,11.76,100,0,0,15.3,100,16.11,700,16.15,700,16.3,700,16.38,200,16.83,200,17.6,100,18.32,700,19.44,100,19.58,700
2025-07-17T13:28:53.957116061Z,8.47,700,8.58,100,9.29,700,9.99,100,10.18,700,10.58,200,10.93,200,10.99,700,11.76,100,0,0,15.3,100,16.11,700,16.15,700,16.3,700,16.38,200,16.83,200,17.6,100,19.44,100,19.58,700,0,0
2025-07-17T13:28:54.128310778Z,8.47,700,8.58,100,9.29,700,9.99,800,10.18,700,10.58,200,10.93,200,10.99,700,11.76,100,0,0,15.3,100,16.11,700,16.15,700,16.3,700,16.38,200,16.83,200,17.6,100,19.44,100,19.58,700,0,0
2025-07-17T13:28:54.128338727Z,8.47,700,8.58,100,9.99,800,10.18,700,10.58,200,10.93,200,10.99,700,11.76,100,0,0,0,0,15.3,100,16.11,700,16.15,700,16.3,700,16.38,200,16.83,200,17.6,100,19.44,100,19.58,700,0,0
2025-07-17T13:28:54.328487063Z,8.47,700,8.58,100,9.99,800,10.18,700,10.26,700,10.58,200,10.93,200,10.99,700,11.76,100,0,0,15.3,100,16.11,700,16.15,700,16.3,700,16.38,200,16.83,200,17.6,100,19.44,100,19.58,700,0,0
2025-07-17T13:28:54.328519057Z,8.47,700,8.58,100,9.99,100,10.18,700,10.26,700,10.58,200,10.93,200,10.99,700,11.76,100,0,0,15.3,100,16.11,700,16.15,700,16.3,700,16.38,200,16.83,200,17.6,100,19.44,100,19.58,700,0,0
2025-07-17T13:28:54.477455479Z,8.47,700,8.58,100,9.99,100,10.18,700,10.26,700,10.58,200,10.93,200,10.99,700,11.14,700,11.76,100,15.3,100,16.11,700,16.15,700,16.3,700,16.38,200,16.83,200,17.6,100,19.44,100,19.58,700,0,0
2025-07-17T13:28:54.477852651Z,8.47,700,8.58,100,9.99,100,10.26,700,10.58,200,10.93,200,10.99,700,11.14,700,11.76,100,0,0,15.3,100,16.11,700,16.15,700,16.3,700,16.38,200,16.83,200,17.6,100,19.44,100,19.58,700,0,0
2025-07-17T13:28:54.528542919Z,8.47,700,8.58,100,9.99,100,10.26,700,10.53,700,10.58,200,10.93,200,10.99,700,11.14,700,11.76,100,15.3,100,16.11,700,16.15,700,16.3,700,16.38,200,16.83,200,17.6,100,19.44,100,19.58,700,0,0
2025-07-17T13:28:54.528571375Z,8.47,700,8.58,100,9.99,100,10.53,700,10.58,200,10.93,200,10.99,700,11.14,700,11.76,100,0,0,15.3,100,16.11,700,16.15,700,16.3,700,16.38,200,16.83,200,17.6,100,19.44,100,19.58,700,0,0
2025-07-17T13:28:54.728575124Z,8.47,700,8.58,100,9.99,100,10.53,700,10.58,200,10.8,700,10.93,200,10.99,700,11.14,700,11.76,100,15.3,100,16.11,700,16.15,700,16.3,700,16.38,200,16.83,200,17.6,100,19.44,100,19.58,700,0,0
2025-07-17T13:28:54.728651317Z,8.47,700,8.58,100,9.99,100,10.58,200,10.8,700,10.93,200,10.99,700,11.14,700,11.76,100,0,0,15.3,100,16.11,700,16.15,700,16.3,700,16.38,200,16.83,200,17.6,100,19.44,100,19.58,700,0,0
2025-07-17T13:28:54.928412211Z,8.47,700,8.58,100,9.99,100,10.58,200,10.8,700,10.93,200,10.99,700,11.07,700,11.14,700,11.76,100,15.3,100,16.11,700,16.15,700,16.3,700,16.38,200,16.83,200,17.6,100,19.44,100,19.58,700,0,0
2025-07-17T13:28:54.928488170Z,8.47,700,8.58,100,9.99,100,10.58,200,10.93,200,10.99,700,11.07,700,11.14,700,11.76,100,0,0,15.3,100,16.11,700,16.15,700,16.3,700,16.38,200,16.83,200,17.6,100,19.44,100,19.58,700,0,0
2025-07-17T13:29:00.583110843Z,8.47,700,8.58,100,9.99,100,10.58,200,10.84,100,10.93,200,10.99,700,11.07,700,11.14,700,11.76,100,15.3,100,16.11,700,16.15,700,16.3,700,16.38,200,16.83,200,17.6,100,19.44,100,19.58,700,0,0
2025-07-17T13:29:00.583124331Z,8.47,700,8.58,100,9.99,100,10.58,200,10.84,100,10.93,200,10.99,700,11.07,700,11.14,700,11.76,100,15.3,100,16.11,700,16.15,700,16.3,700,16.38,200,16.49,100,16.83,200,17.6,100,19.44,100,19.58,700
2025-07-17T13:29:31.666485583Z,8.47,700,8.58,100,9.99,100,10.58,200,10.84,100,10.93,200,10.99,700,11.05,100,11.07,700,11.14,700,15.3,100,16.11,700,16.15,700,16.3,700,16.38,200,16.49,100,16.83,200,17.6,100,19.44,100,19.58,700
2025-07-17T13:29:31.666510533Z,8.47,700,8.58,100,9.99,100,10.58,200,10.84,100,10.93,200,10.99,700,11.05,100,11.07,700,11.14,700,15.3,100,16.11,700,16.15,700,16.22,100,16.3,700,16.38,200,16.49,100,16.83,200,17.6,100,19.44,100
2025-07-17T13:29:32.011088073Z,8.47,700,8.58,100,9.99,100,10.58,200,10.84,100,10.93,200,10.99,700,11.05,100,11.07,700,11.14,700,15.3,100,16.11,700,16.15,700,16.22,100,16.3,700,16.38,200,16.49,100,16.83,200,17.6,100,19.44,100
2025-07-17T13:29:32.011092154Z,8.47,700,8.58,100,9.99,100,10.58,200,10.84,100,10.93,200,10.99,700,11.05,100,11.07,700,11.14,700,15.3,100,15.91,100,16.11,700,16.15,700,16.22,100,16.3,700,16.38,200,16.49,100,16.83,200,17.6,100
2025-07-17T13:29:39.839973111Z,8.47,800,8.58,100,9.99,100,10.58,200,10.84,100,10.93,200,10.99,700,11.05,100,11.07,700,11.14,700,15.3,100,15.91,100,16.11,700,16.15,700,16.22,100,16.3,700,16.38,200,16.49,100,16.83,200,17.6,100
2025-07-17T13:29:40.000183284Z,8.47,800,8.58,100,9.99,100,10.58,200,10.84,100,10.93,200,10.99,700,11.05,100,11.07,700,11.14,700,15.3,100,15.91,100,16.11,700,16.15,700,16.22,100,16.3,700,16.38,200,16.49,100,16.83,200,17.6,100
2025-07-17T13:29:55.529183618Z,8.47,800,8.58,100,9.99,100,10.58,200,10.84,100,10.93,200,10.99,700,11.05,100,11.07,700,11.14,700,15.3,100,15.91,100,16.11,700,16.15,700,16.22,100,16.3,700,16.38,200,16.49,100,16.83,200,17.6,100
2025-07-17T13:29:55.529200619Z,8.47,800,8.58,100,9.99,100,10.58,200,10.84,100,10.93,200,10.99,700,11.05,100,11.07,700,11.14,700,15.3,100,15.61,100,15.91,100,16.11,700,16.15,700,16.22,100,16.3,700,16.38,200,16.49,100,16.83,200
2025-07-17T13:29:59.677285294Z,8.47,800,8.58,100,9.99,100,10.11,100,10.58,200,10.84,100,10.93,200,10.99,700,11.05,100,11.07,700,15.3,100,15.61,100,15.91,100,16.11,700,16.15,700,16.22,100,16.3,700,16.38,200,16.49,100,16.83,200
2025-07-17T13:29:59.677290064Z,8.47,800,8.58,100,9.99,100,10.11,100,10.58,200,10.84,100,10.93,200,10.99,700,11.05,100,11.07,700,15.3,100,15.61,100,15.91,100,16.11,700,16.15,700,16.22,100,16.3,700,16.38,200,16.49,100,16.83,200
2025-07-17T13:30:00.092900330Z,8.47,800,8.58,100,9.99,100,10.11,100,10.58,200,10.84,100,10.93,200,10.99,700,11.01,100,11.05,100,15.3,100,15.61,100,15.91,100,16.11,700,16.15,700,16.22,100,16.3,700,16.38,200,16.49,100,16.83,200
2025-07-17T13:30:00.092988904Z,8.47,800,8.58,100,9.99,100,10.11,100,10.58,200,10.84,100,10.93,200,10.99,700,11.01,100,11.05,100,15.3,100,15.61,100,15.91,100,16.1,100,16.11,700,16.15,700,16.22,100,16.3,700,16.38,200,16.49,100
2025-07-17T13:30:00.412637542Z,8.47,800,8.58,100,9.99,100,10.11,100,10.58,200,10.84,100,10.93,200,10.99,700,11.01,100,11.05,100,15.3,100,15.61,100,15.91,100,16.1,100,16.11,700,16.15,700,16.22,100,16.3,700,16.38,200,16.49,100
2025-07-17T13:30:00.421937186Z,8.47,900,8.58,100,9.99,100,10.11,100,10.58,200,10.84,100,10.93,200,10.99,700,11.01,100,11.05,100,15.3,100,15.61,100,15.91,100,16.1,100,16.11,700,16.15,700,16.22,100,16.3,700,16.38,200,16.49,100
2025-07-17T13:30:00.675553569Z,8.47,900,8.58,100,9.99,100,10.11,100,10.58,200,10.84,100,10.92,100,10.93,200,10.99,700,11.01,100,15.3,100,15.61,100,15.91,100,16.1,100,16.11,700,16.15,700,16.22,100,16.3,700,16.38,200,16.49,100
2025-07-17T13:30:00.675570319Z,8.47,900,8.58,100,9.99,100,10.11,100,10.58,200,10.84,100,10.92,100,10.93,200,10.99,700,11.01,100,15.3,100,15.61,100,15.91,100,16.1,100,16.11,700,16.15,700,16.2,100,16.22,100,16.3,700,16.38,200
2025-07-17T13:30:00.730688348Z,8.47,900,8.58,100,9.99,100,10.11,100,10.58,200,10.84,100,10.92,200,10.93,200,10.99,700,11.01,100,15.3,100,15.61,100,15.91,100,16.1,100,16.11,700,16.15,700,16.2,100,16.22,100,16.3,700,16.38,200
2025-07-17T13:30:00.730693126Z,8.47,900,8.58,100,9.99,100,10.11,100,10.58,200,10.84,100,10.92,200,10.93,200,10.99,700,11.01,100,15.3,100,15.61,100,15.91,100,16.1,100,16.11,700,16.15,700,16.2,200,16.22,100,16.3,700,16.38,200
2025-07-17T13:30:00.869714108Z,8.47,900,8.58,100,9.41,100,9.99,100,10.11,100,10.58,200,10.84,100,10.92,200,10.93,200,10.99,700,15.3,100,15.61,100,15.91,100,16.1,100,16.11,700,16.15,700,16.2,200,16.22,100,16.3,700,16.38,200
2025-07-17T13:30:00.869715708Z,8.47,900,8.58,100,9.41,100,9.99,100,10.11,100,10.58,200,10.84,100,10.92,200,10.93,200,10.99,700,15.3,100,15.61,100,15.91,100,16.1,100,16.11,700,16.15,700,16.2,200,16.22,100,16.3,700,16.38,200
2025-07-17T13:30:00.869746905Z,8.47,900,8.58,100,9.41,100,9.99,100,10.11,100,10.58,200,10.84,100,10.92,200,10.93,200,10.99,700,15.3,100,15.61,100,15.91,100,16.1,100,16.11,700,16.15,700,16.2,200,16.22,100,16.3,700,16.38,200
2025-07-17T13:30:00.869768981Z,8.47,900,8.58,100,9.41,200,9.99,100,10.11,100,10.58,200,10.84,100,10.92,200,10.93,200,10.99,700,15.3,100,15.61,100,15.91,100,16.1,100,16.11,700,16.15,700,16.2,200,16.22,100,16.3,700,16.38,200
2025-07-17T13:30:00.869883482Z,8.47,900,8.58,100,9.41,200,9.99,100,10.11,100,10.58,200,10.84,100,10.92,200,10.93,200,10.99,700,15.3,100,15.61,100,15.91,100,16.1,100,16.11,700,16.15,700,16.2,200,16.22,100,16.3,700,16.38,200
2025-07-17T13:30:00.869917271Z,8.47,900,8.58,100,9.41,200,9.99,100,10.11,100,10.58,200,10.84,100,10.92,200,10.93,200,10.99,700,15.3,100,15.61,100,15.91,100,15.98,100,16.1,100,16.11,700,16.15,700,16.2,200,16.22,100,16.3,700
2025-07-17T13:30:00.869979897Z,8.47,800,8.58,100,9.41,200,9.99,100,10.11,100,10.58,200,10.84,100,10.92,200,10.93,200,10.99,700,15.3,100,15.61,100,15.91,100,15.98,100,16.1,100,16.11,700,16.15,700,16.2,200,16.22,100,16.3,700
2025-07-17T13:30:00.869979897Z,8.47,800,8.58,100,9.41,200,9.55,100,9.99,100,10.11,100,10.58,200,10.84,100,10.92,200,10.93,200,15.3,100,15.61,100,15.91,100,15.98,100,16.1,100,16.11,700,16.15,700,16.2,200,16.22,100,16.3,700
2025-07-17T13:30:00.869983764Z,8.47,700,8.58,100,9.41,200,9.55,100,9.99,100,10.11,100,10.58,200,10.84,100,10.92,200,10.93,200,15.3,100,15.61,100,15.91,100,15.98,100,16.1,100,16.11,700,16.15,700,16.2,200,16.22,100,16.3,700
2025-07-17T13:30:00.869983764Z,8.47,700,8.58,100,9.41,200,9.55,200,9.99,100,10.11,100,10.58,200,10.84,100,10.92,200,10.93,200,15.3,100,15.61,100,15.91,100,15.98,100,16.1,100,16.11,700,16.15,700,16.2,200,16.22,100,16.3,700
2025-07-17T13:30:00.869988740Z,8.47,600,8.58,100,9.41,200,9.55,200,9.99,100,10.11,100,10.58,200,10.84,100,10.92,200,10.93,200,15.3,100,15.61,100,15.91,100,15.98,100,16.1,100,16.11,700,16.15,700,16.2,200,16.22,100,16.3,700
2025-07-17T13:30:00.869988740Z,8.47,600,8.58,100,9.41,200,9.55,300,9.99,100,10.11,100,10.58,200,10.84,100,10.92,200,10.93,200,15.3,100,15.61,100,15.91,100,15.98,100,16.1,100,16.11,700,16.15,700,16.2,200,16.22,100,16.3,700
2025-07-17T13:30:00.869989204Z,8.47,500,8.58,100,9.41,200,9.55,300,9.99,100,10.11,100,10.58,200,10.84,100,10.92,200,10.93,200,15.3,100,15.61,100,15.91,100,15.98,100,16.1,100,16.11,700,16.15,700,16.2,200,16.22,100,16.3,700
2025-07-17T13:30:00.869989204Z,8.47,500,8.58,100,9.41,200,9.55,400,9.99,100,10.11,100,10.58,200,10.84,100,10.92,200,10.93,200,15.3,100,15.61,100,15.91,100,15.98,100,16.1,100,16.11,700,16.15,700,16.2,200,16.22,100,16.3,700
2025-07-17T13:30:00.869996105Z,8.47,400,8.58,100,9.41,200,9.55,400,9.99,100,10.11,100,10.58,200,10.84,100,10.92,200,10.93,200,15.3,100,15.61,100,15.91,100,15.98,100,16.1,100,16.11,700,16.15,700,16.2,200,16.22,100,16.3,700
2025-07-17T13:30:00.869996105Z,8.47,400,8.58,100,9.41,200,9.55,500,9.99,100,10.11,100,10.58,200,10.84,100,10.92,200,10.93,200,15.3,100,15.61,100,15.91,100,15.98,100,16.1,100,16.11,700,16.15,700,16.2,200,16.22,100,16.3,700
2025-07-17T13:30:00.869996504Z,8.47,300,8.58,100,9.41,200,9.55,500,9.99,100,10.11,100,10.58,200,10.84,100,10.92,200,10.93,200,15.3,100,15.61,100,15.91,100,15.98,100,16.1,100,16.11,700,16.15,700,16.2,200,16.22,100,16.3,700
2025-07-17T13:30:00.869996504Z,8.47,300,8.58,100,9.41,200,9.55,600,9.99,100,10.11,100,10.58,200,10.84,100,10.92,200,10.93,200,15.3,100,15.61,100,15.91,100,15.98,100,16.1,100,16.11,700,16.15,700,16.2,200,16.22,100,16.3,700
2025-07-17T13:30:00.869997057Z,8.47,200,8.58,100,9.41,200,9.55,600,9.99,100,10.11,100,10.58,200,10.84,100,10.92,200,10.93,200,15.3,100,15.61,100,15.91,100,15.98,100,16.1,100,16.11,700,16.15,700,16.2,200,16.22,100,16.3,700
2025-07-17T13:30:00.869997057Z,8.47,200,8.58,100,9.41,200,9.55,700,9.99,100,10.11,100,10.58,200,10.84,100,10.92,200,10.93,200,15.3,100,15.61,100,15.91,100,15.98,100,16.1,100,16.11,700,16.15,700,16.2,200,16.22,100,16.3,700
2025-07-17T13:30:00.870003387Z,8.47,100,8.58,100,9.41,200,9.55,700,9.99,100,10.11,100,10.58,200,10.84,100,10.92,200,10.93,200,15.3,100,15.61,100,15.91,100,15.98,100,16.1,100,16.11,700,16.15,700,16.2,200,16.22,100,16.3,700
2025-07-17T13:30:00.870003387Z,8.47,100,8.58,100,9.41,200,9.55,800,9.99,100,10.11,100,10.58,200,10.84,100,10.92,200,10.93,200,15.3,100,15.61,100,15.91,100,15.98,100,16.1,100,16.11,700,16.15,700,16.2,200,16.22,100,16.3,700
2025-07-17T13:30:00.870004158Z,8.58,100,9.41,200,9.55,800,9.99,100,10.11,100,10.58,200,10.84,100,10.92,200,10.93,200,10.99,700,15.3,100,15.61,100,15.91,100,15.98,100,16.1,100,16.11,700,16.15,700,16.2,200,16.22,100,16.3,700
2025-07-17T13:30:00.870004158Z,8.58,100,9.41,200,9.55,900,9.99,100,10.11,100,10.58,200,10.84,100,10.92,200,10.93,200,10.99,700,15.3,100,15.61,100,15.91,100,15.98,100,16.1,100,16.11,700,16.15,700,16.2,200,16.22,100,16.3,700
2025-07-17T13:30:00.870009922Z,8.58,100,9.41,200,9.55,900,9.99,100,10.11,100,10.58,200,10.84,100,10.92,200,10.93,200,10.99,700,15.3,100,15.61,100,15.91,100,15.98,100,16.1,100,16.11,700,16.15,700,16.2,200,16.22,100,16.3,700
2025-07-17T13:30:00.870009922Z,8.58,100,9.41,200,9.55,900,9.99,100,10.11,100,10.58,200,10.84,100,10.92,200,10.93,200,10.99,700,15.3,100,15.61,100,15.91,100,15.98,100,16.1,100,16.11,700,16.15,700,16.2,200,16.22,100,16.3,700
2025-07-17T13:30:00.870010386Z,8.58,100,9.41,200,9.55,900,9.99,100,10.11,100,10.58,200,10.84,100,10.92,200,10.93,200,10.99,700,15.3,100,15.61,100,15.91,100,15.98,100,16.1,100,16.11,700,16.15,700,16.2,200,16.22,100,16.3,700
2025-07-17T13:30:00.870010386Z,8.58,100,9.41,200,9.55,900,9.99,100,10.11,100,10.58,200,10.84,100,10.92,200,10.93,200,10.99,700,15.3,100,15.61,100,15.91,100,15.98,100,16.1,100,16.11,700,16.15,700,16.2,200,16.22,100,16.3,700
2025-07-17T13:30:00.870017071Z,8.58,100,9.41,200,9.55,900,9.99,100,10.11,100,10.58,200,10.84,100,10.92,200,10.93,200,10.99,700,15.3,100,15.61,100,15.91,100,15.98,100,16.1,100,16.11,700,16.15,700,16.2,200,16.22,100,16.3,700
2025-07-17T13:30:00.870017071Z,8.58,100,9.41,200,9.55,900,9.99,100,10.11,100,10.58,200,10.84,100,10.92,200,10.93,200,10.99,700,15.3,100,15.61,100,15.91,100,15.98,100,16.1,100,16.11,700,16.15,700,16.2,200,16.22,100,16.3,700
2025-07-17T13:30:00.870022776Z,8.58,100,9.41,200,9.55,900,9.99,100,10.11,100,10.58,200,10.84,100,10.92,200,10.93,200,10.99,700,15.3,100,15.61,100,15.91,100,15.98,100,16.1,100,16.11,700,16.15,700,16.2,200,16.22,100,16.3,700
2025-07-17T13:30:00.870022776Z,8.58,100,9.41,200,9.55,900,9.99,100,10.11,100,10.58,200,10.84,100,10.92,200,10.93,200,10.99,700,15.3,100,15.61,100,15.91,100,15.98,100,16.1,100,16.11,700,16.15,700,16.2,200,16.22,100,16.3,700
2025-07-17T13:30:00.870023199Z,8.58,100,9.41,200,9.55,900,9.99,100,10.11,100,10.58,200,10.84,100,10.92,200,10.93,200,10.99,700,15.3,100,15.61,100,15.91,100,15.98,100,16.1,100,16.11,700,16.15,700,16.2,200,16.22,100,16.3,700
2025-07-17T13:30:00.870023199Z,8.58,100,9.41,200,9.55,900,9.99,100,10.11,100,10.58,200,10.84,100,10.92,200,10.93,200,10.99,700,15.3,100,15.61,100,15.91,100,15.98,100,16.1,100,16.11,700,16.15,700,16.2,200,16.22,100,16.3,700
2025-07-17T13:30:00.870023701Z,8.58,100,9.41,200,9.55,900,9.99,100,10.11,100,10.58,200,10.84,100,10.92,200,10.93,200,10.99,700,15.3,100,15.61,100,15.91,100,15.98,100,16.1,100,16.11,700,16.15,700,16.2,200,16.22,100,16.3,700
2025-07-17T13:30:00.870023701Z,8.58,100,9.41,200,9.55,900,9.99,100,10.11,100,10.58,200,10.84,100,10.92,200,10.93,200,10.99,700,15.3,100,15.61,100,15.91,100,15.98,100,16.1,100,16.11,700,16.15,700,16.2,200,16.22,100,16.3,700
2025-07-17T13:30:00.870053023Z,8.58,100,9.41,200,9.55,900,9.99,100,10.11,100,10.58,200,10.84,100,10.92,200,10.93,200,10.99,700,15.3,100,15.61,100,15.91,100,15.98,100,16.1,100,16.11,700,16.15,700,16.2,200,16.22,100,16.3,700
2025-07-17T13:30:00.870053023Z,8.58,100,9.41,200,9.55,900,9.99,100,10.11,100,10.58,200,10.84,100,10.92,200,10.93,200,10.99,700,15.3,100,15.61,100,15.91,100,15.98,100,16.1,100,16.11,700,16.15,700,16.2,200,16.22,100,16.3,700
2025-07-17T13:30:00.870053791Z,8.58,100,9.41,200,9.55,900,9.99,100,10.11,100,10.58,200,10.84,100,10.92,200,10.93,200,10.99,700,15.3,100,15.61,100,15.91,100,15.98,100,16.1,100,16.11,700,16.15,700,16.2,200,16.22,100,16.3,700
2025-07-17T13:30:00.870053791Z,8.58,100,9.41,200,9.55,900,9.99,100,10.11,100,10.58,200,10.84,100,10.92,200,10.93,200,10.99,700,15.3,100,15.61,100,15.91,100,15.98,100,16.1,100,16.11,700,16.15,700,16.2,200,16.22,100,16.3,700
2025-07-17T13:30:00.870054073Z,8.58,100,9.41,200,9.55,900,9.99,100,10.11,100,10.58,200,10.84,100,10.92,200,10.93,200,10.99,700,15.3,100,15.61,100,15.91,100,15.98,100,16.1,100,16.11,700,16.15,700,16.2,200,16.22,100,16.3,700
2025-07-17T13:30:00.870054073Z,8.58,100,9.41,200,9.55,900,9.99,100,10.11,100,10.58,200,10.84,100,10.92,200,10.93,200,10.99,700,15.3,100,15.61,100,15.91,100,15.98,100,16.1,100,16.11,700,16.15,700,16.2,200,16.22,100,16.3,700
2025-07-17T13:30:00.870063003Z,8.58,100,9.41,200,9.55,900,9.99,100,10.11,100,10.58,200,10.84,100,10.92,200,10.93,200,10.99,700,15.3,100,15.61,100,15.91,100,15.98,100,16.1,100,16.11,700,16.15,700,16.2,200,16.22,100,16.3,700
2025-07-17T13:30:00.870063920Z,8.58,100,9.41,100,9.55,900,9.99,100,10.11,100,10.58,200,10.84,100,10.92,200,10.93,200,10.99,700,15.3,100,15.61,100,15.91,100,15.98,100,16.1,100,16.11,700,16.15,700,16.2,200,16.22,100,16.3,700
2025-07-17T13:30:00.870151543Z,8.58,100,9.41,100,9.55,900,9.99,100,10.11,100,10.58,200,10.61,100,10.84,100,10.92,200,10.93,200,15.3,100,15.61,100,15.91,100,15.98,100,16.1,100,16.11,700,16.15,700,16.2,200,16.22,100,16.3,700
2025-07-17T13:30:00.870209113Z,8.58,100,9.41,100,9.55,900,9.99,100,10.11,100,10.58,200,10.61,100,10.84,100,10.92,200,10.93,200,15.3,100,15.61,100,15.91,100,15.98,100,16.1,100,16.11,700,16.15,700,16.2,200,16.22,100,16.3,700
2025-07-17T13:30:00.870273955Z,8.58,100,9.41,100,9.55,900,9.99,100,10.11,100,10.58,200,10.61,100,10.84,100,10.92,200,10.93,200,15.3,100,15.61,100,15.91,100,15.98,100,16.1,100,16.11,700,16.15,700,16.2,200,16.22,100,16.3,700
2025-07-17T13:30:00.870278857Z,8.58,100,9.41,100,9.55,900,9.99,100,10.11,100,10.58,200,10.61,100,10.84,100,10.92,200,10.93,200,15.3,100,15.61,100,15.91,100,16.1,100,16.11,700,16.15,700,16.2,200,16.22,100,16.3,700,16.38,200
2025-07-17T13:30:00.870579856Z,8.58,100,9.55,900,9.99,100,10.11,100,10.58,200,10.61,100,10.84,100,10.92,200,10.93,200,10.99,700,15.3,100,15.61,100,15.91,100,16.1,100,16.11,700,16.15,700,16.2,200,16.22,100,16.3,700,16.38,200
2025-07-17T13:30:00.870580243Z,8.58,100,9.55,900,9.99,100,10.11,100,10.58,200,10.61,100,10.84,100,10.92,200,10.93,200,10.99,700,15.3,100,15.61,100,15.91,100,16.1,100,16.11,700,16.15,700,16.2,200,16.22,100,16.3,700,16.38,200
2025-07-17T13:30:00.870848973Z,8.58,100,9.55,900,9.99,100,10.11,100,10.58,200,10.61,100,10.84,100,10.92,200,10.93,200,10.99,700,15.3,100,15.61,100,15.91,100,16.1,100,16.11,700,16.15,700,16.2,200,16.22,100,16.3,700,16.38,200
2025-07-17T13:30:00.870874152Z,8.58,100,9.55,900,9.99,100,10.58,200,10.61,100,10.84,100,10.92,200,10.93,200,10.99,700,11.01,100,15.3,100,15.61,100,15.91,100,16.1,100,16.11,700,16.15,700,16.2,200,16.22,100,16.3,700,16.38,200
2025-07-17T13:30:00.871359085Z,8.58,100,9.55,900,9.99,100,10.58,200,10.61,100,10.84,100,10.92,200,10.93,200,10.99,700,11.01,100,15.3,100,15.61,100,15.91,100,16.1,100,16.11,700,16.15,700,16.2,200,16.22,100,16.3,700,16.38,300
2025-07-17T13:30:00.871371794Z,8.58,100,9.55,900,9.99,100,10.58,200,10.61,200,10.84,100,10.92,200,10.93,200,10.99,700,11.01,100,15.3,100,15.61,100,15.91,100,16.1,100,16.11,700,16.15,700,16.2,200,16.22,100,16.3,700,16.38,300
2025-07-17T13:30:00.871379595Z,8.58,100,9.55,900,9.99,100,10.58,200,10.61,200,10.84,100,10.92,200,10.93,200,10.99,700,11.01,100,15.3,100,15.61,100,15.91,100,16.1,100,16.11,700,16.15,700,16.2,200,16.22,100,16.3,700,16.38,300
2025-07-17T13:30:00.871381021Z,8.58,100,9.55,900,9.99,100,10.58,200,10.61,200,10.84,100,10.92,200,10.93,200,10.99,700,11.01,100,15.3,100,15.61,100,15.91,100,16.1,100,16.11,700,16.15,700,16.2,200,16.22,100,16.3,700,16.38,300
2025-07-17T13:30:00.871520352Z,8.58,100,9.55,900,9.99,100,10.58,200,10.61,200,10.92,200,10.93,200,10.99,700,11.01,100,11.05,100,15.3,100,15.61,100,15.91,100,16.1,100,16.11,700,16.15,700,16.2,200,16.22,100,16.3,700,16.38,300
2025-07-17T13:30:00.871520352Z,8.58,100,9.55,900,9.99,100,10.58,200,10.61,200,10.92,200,10.93,200,10.99,700,11.01,100,11.05,100,15.3,100,15.61,100,15.91,100,16.1,100,16.11,700,16.15,700,16.2,200,16.22,100,16.3,700,16.38,300
2025-07-17T13:30:00.871548318Z,8.58,100,9.55,900,9.99,100,10.58,200,10.61,200,10.92,200,10.93,200,10.99,700,11.01,100,11.05,100,15.3,100,15.61,100,15.91,100,16.1,100,16.11,700,16.15,700,16.2,200,16.22,100,16.3,700,16.38,300
2025-07-17T13:30:00.871548318Z,8.58,100,9.55,900,9.99,100,10.58,200,10.61,200,10.92,200,10.93,200,10.99,700,11.01,100,11.05,100,15.3,100,15.47,100,15.61,100,15.91,100,16.1,100,16.11,700,16.15,700,16.2,200,16.22,100,16.3,700
2025-07-17T13:30:00.911486897Z,8.58,100,9.55,900,9.99,100,10.58,200,10.61,200,10.92,200,10.93,200,10.99,700,11.01,100,11.05,100,15.3,100,15.47,100,15.61,100,15.91,100,16.1,100,16.11,700,16.15,700,16.2,200,16.22,100,16.3,700
2025-07-17T13:30:00.914351054Z,8.58,100,9.55,900,9.99,100,10.58,200,10.61,200,10.92,200,10.93,200,10.99,700,11.01,100,11.05,100,15.3,100,15.31,2,15.47,100,15.61,100,15.91,100,16.1,100,16.11,700,16.15,700,16.2,200,16.22,100
2025-07-17T13:30:00.915197739Z,8.58,100,9.55,900,9.99,100,10.58,100,10.61,200,10.92,200,10.93,200,10.99,700,11.01,100,11.05,100,15.3,100,15.31,2,15.47,100,15.61,100,15.91,100,16.1,100,16.11,700,16.15,700,16.2,200,16.22,100
2025-07-17T13:30:00.915197739Z,8.58,100,9.55,900,9.99,100,10.58,100,10.61,200,10.92,200,10.93,200,10.99,700,11.01,100,11.05,100,15.3,100,15.31,2,15.47,100,15.61,100,15.91,100,16.1,100,16.11,700,16.15,700,16.2,200,16.22,100
2025-07-17T13:30:00.916332252Z,8.58,100,9.55,900,9.99,100,10.58,100,10.61,200,10.92,200,10.93,200,10.99,700,11.01,100,11.05,100,15.3,100,15.31,2,15.47,100,15.61,100,15.91,100,16.1,100,16.11,700,16.15,700,16.2,200,16.22,100
2025-07-17T13:30:00.916332252Z,8.58,100,9.55,900,9.99,100,10.58,100,10.61,200,10.92,200,10.93,200,10.99,700,11.01,100,11.05,100,15.3,100,15.31,2,15.47,100,15.61,100,15.8,100,15.91,100,16.1,100,16.11,700,16.15,700,16.2,200
2025-07-17T13:30:00.920144110Z,8.58,100,9.55,900,9.99,100,10.58,100,10.61,200,10.92,200,10.93,200,10.99,700,11.01,100,11.05,100,15.3,100,15.31,2,15.47,100,15.61,100,15.8,100,15.91,100,16.1,100,16.11,700,16.15,700,16.2,200
2025-07-17T13:30:00.920144110Z,8.58,100,9.55,900,9.99,100,10.58,100,10.61,200,10.92,200,10.93,200,10.99,700,11.01,100,11.05,100,15.3,100,15.31,2,15.47,100,15.61,100,15.8,100,15.91,100,16.1,100,16.11,700,16.15,700,16.2,200
2025-07-17T13:30:00.920147410Z,8.58,100,9.55,900,9.99,100,10.58,100,10.61,200,10.92,200,10.93,200,10.99,700,11.01,100,11.05,100,15.3,100,15.31,2,15.47,100,15.61,100,15.8,100,15.91,100,16.1,100,16.11,700,16.15,700,16.2,200
2025-07-17T13:30:00.920147410Z,8.58,100,9.55,900,9.99,100,10.58,100,10.61,200,10.92,200,10.93,200,10.99,700,11.01,100,11.05,100,15.3,100,15.31,2,15.47,100,15.61,100,15.8,100,15.91,100,16.1,100,16.11,700,16.15,700,16.2,200
2025-07-17T13:30:00.920208398Z,8.58,100,9.55,900,9.99,100,10.58,100,10.61,200,10.92,200,10.93,200,10.99,700,11.01,100,11.05,100,15.3,100,15.31,2,15.47,100,15.61,100,15.8,100,15.91,100,16.1,100,16.11,700,16.15,700,16.2,200
2025-07-17T13:30:00.920208398Z,8.58,100,9.55,900,9.99,100,10.58,100,10.61,200,10.92,200,10.93,200,10.99,700,11.01,100,11.05,100,15.3,100,15.31,2,15.47,100,15.61,100,15.8,100,15.91,100,16.1,100,16.11,700,16.15,700,16.2,200
2025-07-17T13:30:00.920208920Z,8.58,100,9.55,900,9.99,100,10.58,100,10.61,200,10.92,200,10.93,200,10.99,700,11.01,100,11.05,100,15.3,100,15.31,2,15.47,100,15.61,100,15.8,100,15.91,100,16.1,100,16.11,700,16.15,700,16.2,200
2025-07-17T13:30:00.920208920Z,8.58,100,9.55,900,9.99,100,10.58,100,10.61,200,10.92,200,10.93,200,10.99,700,11.01,100,11.05,100,15.3,100,15.31,2,15.47,100,15.61,100,15.8,100,15.91,100,16.1,100,16.11,700,16.15,700,16.2,200
2025-07-17T13:30:00.920209286Z,8.58,100,9.55,900,9.99,100,10.58,100,10.61,200,10.92,200,10.93,200,10.99,700,11.01,100,11.05,100,15.3,100,15.31,2,15.47,100,15.61,100,15.8,100,15.91,100,16.1,100,16.11,700,16.15,700,16.2,200
2025-07-17T13:30:00.920209286Z,8.58,100,9.55,900,9.99,100,10.58,100,10.61,200,10.92,200,10.93,200,10.99,700,11.01,100,11.05,100,15.3,100,15.31,2,15.47,100,15.61,100,15.8,100,15.91,100,16.1,100,16.11,700,16.15,700,16.2,200
2025-07-17T13:30:00.920216613Z,8.58,100,9.55,900,9.99,100,10.58,100,10.61,200,10.92,200,10.93,200,10.99,700,11.01,100,11.05,100,15.3,100,15.31,2,15.47,100,15.61,100,15.8,100,15.91,100,16.1,100,16.11,700,16.15,700,16.2,200
2025-07-17T13:30:00.920216613Z,8.58,100,9.55,900,9.99,100,10.58,100,10.61,200,10.92,200,10.93,200,10.99,700,11.01,100,11.05,100,15.3,100,15.31,2,15.47,100,15.61,100,15.8,100,15.91,100,16.1,100,16.11,700,16.15,700,16.2,200
2025-07-17T13:30:00.920217193Z,8.58,100,9.55,900,9.99,100,10.58,100,10.61,200,10.92,200,10.93,200,10.99,700,11.01,100,11.05,100,15.3,100,15.31,2,15.47,100,15.61,100,15.8,100,15.91,100,16.1,100,16.11,700,16.15,700,16.2,200
2025-07-17T13:30:00.920217193Z,8.58,100,9.55,900,9.99,100,10.58,100,10.61,200,10.92,200,10.93,200,10.99,700,11.01,100,11.05,100,15.3,100,15.31,2,15.47,100,15.61,100,15.8,100,15.91,100,16.1,100,16.11,700,16.15,700,16.2,200
2025-07-17T13:30:00.920217632Z,8.58,100,9.55,900,9.99,100,10.58,100,10.61,200,10.92,200,10.93,200,10.99,700,11.01,100,11.05,100,15.3,100,15.31,2,15.47,100,15.61,100,15.8,100,15.91,100,16.1,100,16.11,700,16.15,700,16.2,200
2025-07-17T13:30:00.920217632Z,8.58,100,9.55,900,9.99,100,10.58,100,10.61,200,10.92,200,10.93,200,10.99,700,11.01,100,11.05,100,15.3,100,15.31,2,15.47,100,15.61,100,15.8,100,15.91,100,16.1,100,16.11,700,16.15,700,16.2,200
2025-07-17T13:30:00.920351772Z,8.58,100,9.55,900,9.99,100,10.58,100,10.61,200,10.92,200,10.93,200,10.99,700,11.01,100,11.05,100,15.3,100,15.31,2,15.47,100,15.61,100,15.8,100,15.91,100,16.1,100,16.11,700,16.15,700,16.2,200
2025-07-17T13:30:00.920351772Z,8.58,100,9.55,900,9.99,100,10.58,100,10.61,200,10.92,200,10.93,200,10.99,700,11.01,100,11.05,100,15.3,100,15.31,2,15.47,100,15.61,100,15.8,100,15.91,100,16.1,100,16.11,700,16.15,700,16.2,200
2025-07-17T13:30:00.931432717Z,8.58,100,9.55,900,9.99,100,10.58,100,10.61,200,10.92,200,10.93,200,10.99,700,11.01,100,11.05,100,15.3,100,15.31,2,15.47,100,15.61,100,15.91,100,16.1,100,16.11,700,16.15,700,16.2,200,16.22,100
2025-07-17T13:30:00.931432717Z,8.58,100,9.55,900,9.99,100,10.58,100,10.61,200,10.92,200,10.93,200,10.99,700,11.01,100,11.05,100,14.74,100,15.3,100,15.31,2,15.47,100,15.61,100,15.91,100,16.1,100,16.11,700,16.15,700,16.2,200
2025-07-17T13:30:00.940916945Z,8.58,100,9.55,900,9.99,100,10.58,100,10.61,200,10.92,200,10.93,200,10.99,700,11.01,100,11.05,100,14.74,100,15.3,100,15.31,2,15.61,100,15.91,100,16.1,100,16.11,700,16.15,700,16.2,200,16.22,100
2025-07-17T13:30:00.940916945Z,8.58,100,9.55,900,9.99,100,10.58,100,10.61,200,10.92,200,10.93,200,10.99,700,11.01,100,11.05,100,14.44,100,14.74,100,15.3,100,15.31,2,15.61,100,15.91,100,16.1,100,16.11,700,16.15,700,16.2,200
2025-07-17T13:30:00.941071231Z,8.58,100,9.55,900,9.99,100,10.58,100,10.61,200,10.92,200,10.93,200,10.99,700,11.01,100,11.05,100,14.44,100,14.74,100,15.28,100,15.3,100,15.31,2,15.61,100,15.91,100,16.1,100,16.11,700,16.15,700
2025-07-17T13:30:00.941085073Z,8.58,100,9.55,900,9.99,100,10.58,100,10.61,200,10.92,200,10.93,200,10.99,700,11.01,100,11.05,100,14.44,100,14.74,100,15.28,100,15.3,100,15.31,2,15.61,100,15.91,100,16.1,100,16.11,700,16.15,700
2025-07-17T13:30:01.086438727Z,8.58,100,9.55,900,9.99,100,10.58,100,10.61,200,10.92,200,10.93,200,10.99,700,11.05,100,11.07,700,14.44,100,14.74,100,15.28,100,15.3,100,15.31,2,15.61,100,15.91,100,16.1,100,16.11,700,16.15,700
2025-07-17T13:30:01.086438727Z,8.58,100,9.55,900,9.99,100,10.58,100,10.61,200,10.92,200,10.93,200,10.99,700,11.05,100,11.07,700,14.44,100,14.74,100,15.28,100,15.3,100,15.31,2,15.61,100,15.91,100,16.1,100,16.11,700,16.15,700
2025-07-17T13:30:01.086456460Z,8.58,100,9.55,900,9.99,100,10.58,100,10.61,200,10.92,200,10.93,200,10.99,700,11.05,100,11.07,700,14.44,100,14.74,100,15.28,100,15.3,100,15.31,2,15.61,100,15.91,100,16.11,700,16.15,700,16.2,200
2025-07-17T13:30:01.086456460Z,8.58,100,9.55,900,9.99,100,10.58,100,10.61,200,10.92,200,10.93,200,10.99,700,11.05,100,11.07,700,14.2,100,14.44,100,14.74,100,15.28,100,15.3,100,15.31,2,15.61,100,15.91,100,16.11,700,16.15,700
2025-07-17T13:30:01.214703183Z,8.58,100,9.55,900,9.99,100,10.58,100,10.61,200,10.92,200,10.93,200,10.99,700,11.05,100,11.07,700,14.2,100,14.44,100,14.74,100,15.28,100,15.3,100,15.31,2,15.61,100,15.91,100,16.11,700,16.15,700
2025-07-17T13:30:01.214704496Z,8.58,100,9.55,900,9.99,100,10.58,100,10.61,200,10.92,200,10.93,200,10.99,700,11.05,100,11.07,700,14,100,14.2,100,14.44,100,14.74,100,15.28,100,15.3,100,15.31,2,15.61,100,15.91,100,16.11,700
2025-07-17T13:30:01.252206360Z,7.74,100,8.58,100,9.55,900,9.99,100,10.58,100,10.61,200,10.92,200,10.93,200,10.99,700,11.05,100,14,100,14.2,100,14.44,100,14.74,100,15.28,100,15.3,100,15.31,2,15.61,100,15.91,100,16.11,700
2025-07-17T13:30:01.252206360Z,7.74,100,8.58,100,9.55,900,9.99,100,10.58,100,10.61,200,10.92,200,10.93,200,10.99,700,11.05,100,14,100,14.2,100,14.44,100,14.74,100,15.28,100,15.3,100,15.31,2,15.61,100,15.91,100,16.11,700
2025-07-17T13:30:01.252206360Z,7.74,200,8.58,100,9.55,900,9.99,100,10.58,100,10.61,200,10.92,200,10.93,200,10.99,700,11.05,100,14,100,14.2,100,14.44,100,14.74,100,15.28,100,15.3,100,15.31,2,15.61,100,15.91,100,16.11,700
2025-07-17T13:30:01.252206360Z,7.74,200,8.58,100,9.55,900,9.99,100,10.58,100,10.61,200,10.92,200,10.93,200,10.99,700,11.05,100,14,100,14.2,100,14.44,100,14.74,100,15.28,100,15.3,100,15.31,2,15.61,100,15.91,100,16.11,700
2025-07-17T13:30:01.252206360Z,7.74,300,8.58,100,9.55,900,9.99,100,10.58,100,10.61,200,10.92,200,10.93,200,10.99,700,11.05,100,14,100,14.2,100,14.44,100,14.74,100,15.28,100,15.3,100,15.31,2,15.61,100,15.91,100,16.11,700
2025-07-17T13:30:01.252206360Z,7.74,300,8.58,100,9.55,900,9.99,100,10.58,100,10.61,200,10.92,200,10.93,200,10.99,700,11.05,100,14,100,14.2,100,14.44,100,14.74,100,15.28,100,15.3,100,15.31,2,15.61,100,15.91,100,16.11,700
2025-07-17T13:30:01.252206360Z,7.74,400,8.58,100,9.55,900,9.99,100,10.58,100,10.61,200,10.92,200,10.93,200,10.99,700,11.05,100,14,100,14.2,100,14.44,100,14.74,100,15.28,100,15.3,100,15.31,2,15.61,100,15.91,100,16.11,700
2025-07-17T13:30:01.252206360Z,7.74,400,8.58,100,9.55,900,9.99,100,10.58,100,10.61,200,10.92,200,10.93,200,10.99,700,11.05,100,14,100,14.2,100,14.44,100,14.74,100,15.28,100,15.3,100,15.31,2,15.61,100,15.91,100,16.11,700
2025-07-17T13:30:01.252206360Z,7.74,500,8.58,100,9.55,900,9.99,100,10.58,100,10.61,200,10.92,200,10.93,200,10.99,700,11.05,100,14,100,14.2,100,14.44,100,14.74,100,15.28,100,15.3,100,15.31,2,15.61,100,15.91,100,16.11,700
2025-07-17T13:30:01.252206360Z,7.74,500,8.58,100,9.55,900,9.99,100,10.58,100,10.61,200,10.92,200,10.93,200,10.99,700,11.05,100,14,100,14.2,100,14.44,100,14.74,100,15.28,100,15.3,100,15.31,2,15.61,100,15.91,100,16.11,700
2025-07-17T13:30:01.252206360Z,7.74,600,8.58,100,9.55,900,9.99,100,10.58,100,10.61,200,10.92,200,10.93,200,10.99,700,11.05,100,14,100,14.2,100,14.44,100,14.74,100,15.28,100,15.3,100,15.31,2,15.61,100,15.91,100,16.11,700
2025-07-17T13:30:01.252206360Z,7.74,600,8.58,100,9.55,900,9.99,100,10.58,100,10.61,200,10.92,200,10.93,200,10.99,700,11.05,100,14,100,14.2,100,14.44,100,14.74,100,15.28,100,15.3,100,15.31,2,15.61,100,15.91,100,16.11,700
2025-07-17T13:30:01.252206360Z,7.74,700,8.58,100,9.55,900,9.99,100,10.58,100,10.61,200,10.92,200,10.93,200,10.99,700,11.05,100,14,100,14.2,100,14.44,100,14.74,100,15.28,100,15.3,100,15.31,2,15.61,100,15.91,100,16.11,700
2025-07-17T13:30:01.252206360Z,7.74,700,8.58,100,9.55,900,9.99,100,10.58,100,10.61,200,10.92,200,10.93,200,10.99,700,11.05,100,14,100,14.2,100,14.44,100,14.74,100,15.28,100,15.3,100,15.31,2,15.61,100,15.91,100,16.11,700
2025-07-17T13:30:01.252269158Z,7.74,600,8.58,100,9.55,900,9.99,100,10.58,100,10.61,200,10.92,200,10.93,200,10.99,700,11.05,100,14,100,14.2,100,14.44,100,14.74,100,15.28,100,15.3,100,15.31,2,15.61,100,15.91,100,16.11,700
2025-07-17T13:30:01.252269158Z,7.74,600,8.58,100,9.55,1000,9.99,100,10.58,100,10.61,200,10.92,200,10.93,200,10.99,700,11.05,100,14,100,14.2,100,14.44,100,14.74,100,15.28,100,15.3,100,15.31,2,15.61,100,15.91,100,16.11,700
2025-07-17T13:30:01.252269575Z,7.74,500,8.58,100,9.55,1000,9.99,100,10.58,100,10.61,200,10.92,200,10.93,200,10.99,700,11.05,100,14,100,14.2,100,14.44,100,14.74,100,15.28,100,15.3,100,15.31,2,15.61,100,15.91,100,16.11,700
2025-07-17T13:30:01.252269575Z,7.74,500,8.58,100,9.55,1100,9.99,100,10.58,100,10.61,200,10.92,200,10.93,200,10.99,700,11.05,100,14,100,14.2,100,14.44,100,14.74,100,15.28,100,15.3,100,15.31,2,15.61,100,15.91,100,16.11,700
2025-07-17T13:30:01.252269960Z,7.74,400,8.58,100,9.55,1100,9.99,100,10.58,100,10.61,200,10.92,200,10.93,200,10.99,700,11.05,100,14,100,14.2,100,14.44,100,14.74,100,15.28,100,15.3,100,15.31,2,15.61,100,15.91,100,16.11,700
2025-07-17T13:30:01.252269960Z,7.74,400,8.58,100,9.55,1200,9.99,100,10.58,100,10.61,200,10.92,200,10.93,200,10.99,700,11.05,100,14,100,14.2,100,14.44,100,14.74,100,15.28,100,15.3,100,15.31,2,15.61,100,15.91,100,16.11,700
2025-07-17T13:30:01.252270596Z,7.74,300,8.58,100,9.55,1200,9.99,100,10.58,100,10.61,200,10.92,200,10.93,200,10.99,700,11.05,100,14,100,14.2,100,14.44,100,14.74,100,15.28,100,15.3,100,15.31,2,15.61,100,15.91,100,16.11,700
2025-07-17T13:30:01.252270596Z,7.74,300,8.58,100,9.55,1300,9.99,100,10.58,100,10.61,200,10.92,200,10.93,200,10.99,700,11.05,100,14,100,14.2,100,14.44,100,14.74,100,15.28,100,15.3,100,15.31,2,15.61,100,15.91,100,16.11,700
2025-07-17T13:30:01.252270987Z,7.74,200,8.58,100,9.55,1300,9.99,100,10.58,100,10.61,200,10.92,200,10.93,200,10.99,700,11.05,100,14,100,14.2,100,14.44,100,14.74,100,15.28,100,15.3,100,15.31,2,15.61,100,15.91,100,16.11,700
2025-07-17T13:30:01.252270987Z,7.74,200,8.58,100,9.55,1400,9.99,100,10.58,100,10.61,200,10.92,200,10.93,200,10.99,700,11.05,100,14,100,14.2,100,14.44,100,14.74,100,15.28,100,15.3,100,15.31,2,15.61,100,15.91,100,16.11,700
2025-07-17T13:30:01.252271274Z,7.74,100,8.58,100,9.55,1400,9.99,100,10.58,100,10.61,200,10.92,200,10.93,200,10.99,700,11.05,100,14,100,14.2,100,14.44,100,14.74,100,15.28,100,15.3,100,15.31,2,15.61,100,15.91,100,16.11,700
2025-07-17T13:30:01.252271274Z,7.74,100,8.58,100,9.55,1500,9.99,100,10.58,100,10.61,200,10.92,200,10.93,200,10.99,700,11.05,100,14,100,14.2,100,14.44,100,14.74,100,15.28,100,15.3,100,15.31,2,15.61,100,15.91,100,16.11,700
2025-07-17T13:30:01.252272011Z,8.58,100,9.55,1500,9.99,100,10.58,100,10.61,200,10.92,200,10.93,200,10.99,700,11.05,100,11.07,700,14,100,14.2,100,14.44,100,14.74,100,15.28,100,15.3,100,15.31,2,15.61,100,15.91,100,16.11,700
2025-07-17T13:30:01.252272011Z,8.58,100,9.55,1600,9.99,100,10.58,100,10.61,200,10.92,200,10.93,200,10.99,700,11.05,100,11.07,700,14,100,14.2,100,14.44,100,14.74,100,15.28,100,15.3,100,15.31,2,15.61,100,15.91,100,16.11,700
2025-07-17T13:30:01.252279681Z,8.58,100,9.55,1600,9.99,100,10.58,100,10.61,200,10.92,200,10.93,200,10.99,700,11.05,100,11.07,700,14,100,14.2,100,14.44,100,14.74,100,15.28,100,15.3,100,15.31,2,15.61,100,15.91,100,16.11,700
2025-07-17T13:30:01.252279681Z,8.58,100,9.55,1600,9.99,100,10.58,100,10.61,200,10.92,200,10.93,200,10.99,700,11.05,100,11.07,700,14,100,14.2,100,14.44,100,14.74,100,15.28,100,15.3,100,15.31,2,15.61,100,15.91,100,16.11,700
2025-07-17T13:30:01.252280017Z,8.58,100,9.55,1600,9.99,100,10.58,100,10.61,200,10.92,200,10.93,200,10.99,700,11.05,100,11.07,700,14,100,14.2,100,14.44,100,14.74,100,15.28,100,15.3,100,15.31,2,15.61,100,15.91,100,16.11,700
2025-07-17T13:30:01.252280017Z,8.58,100,9.55,1600,9.99,100,10.58,100,10.61,200,10.92,200,10.93,200,10.99,700,11.05,100,11.07,700,14,100,14.2,100,14.44,100,14.74,100,15.28,100,15.3,100,15.31,2,15.61,100,15.91,100,16.11,700
2025-07-17T13:30:01.252280383Z,8.58,100,9.55,1600,9.99,100,10.58,100,10.61,200,10.92,200,10.93,200,10.99,700,11.05,100,11.07,700,14,100,14.2,100,14.44,100,14.74,100,15.28,100,15.3,100,15.31,2,15.61,100,15.91,100,16.11,700
2025-07-17T13:30:01.252280383Z,8.58,100,9.55,1600,9.99,100,10.58,100,10.61,200,10.92,200,10.93,200,10.99,700,11.05,100,11.07,700,14,100,14.2,100,14.44,100,14.74,100,15.28,100,15.3,100,15.31,2,15.61,100,15.91,100,16.11,700
2025-07-17T13:30:01.252280683Z,8.58,100,9.55,1600,9.99,100,10.58,100,10.61,200,10.92,200,10.93,200,10.99,700,11.05,100,11.07,700,14,100,14.2,100,14.44,100,14.74,100,15.28,100,15.3,100,15.31,2,15.61,100,15.91,100,16.11,700
2025-07-17T13:30:01.252280683Z,8.58,100,9.55,1600,9.99,100,10.58,100,10.61,200,10.92,200,10.93,200,10.99,700,11.05,100,11.07,700,14,100,14.2,100,14.44,100,14.74,100,15.28,100,15.3,100,15.31,2,15.61,100,15.91,100,16.11,700
2025-07-17T13:30:01.252281079Z,8.58,100,9.55,1600,9.99,100,10.58,100,10.61,200,10.92,200,10.93,200,10.99,700,11.05,100,11.07,700,14,100,14.2,100,14.44,100,14.74,100,15.28,100,15.3,100,15.31,2,15.61,100,15.91,100,16.11,700
2025-07-17T13:30:01.252281079Z,8.58,100,9.55,1600,9.99,100,10.58,100,10.61,200,10.92,200,10.93,200,10.99,700,11.05,100,11.07,700,14,100,14.2,100,14.44,100,14.74,100,15.28,100,15.3,100,15.31,2,15.61,100,15.91,100,16.11,700
2025-07-17T13:30:01.252281306Z,8.58,100,9.55,1600,9.99,100,10.58,100,10.61,200,10.92,200,10.93,200,10.99,700,11.05,100,11.07,700,14,100,14.2,100,14.44,100,14.74,100,15.28,100,15.3,100,15.31,2,15.61,100,15.91,100,16.11,700
2025-07-17T13:30:01.252281306Z,8.58,100,9.55,1600,9.99,100,10.58,100,10.61,200,10.92,200,10.93,200,10.99,700,11.05,100,11.07,700,14,100,14.2,100,14.44,100,14.74,100,15.28,100,15.3,100,15.31,2,15.61,100,15.91,100,16.11,700
2025-07-17T13:30:01.252281648Z,8.58,100,9.55,1600,9.99,100,10.58,100,10.61,200,10.92,200,10.93,200,10.99,700,11.05,100,11.07,700,14,100,14.2,100,14.44,100,14.74,100,15.28,100,15.3,100,15.31,2,15.61,100,15.91,100,16.11,700
2025-07-17T13:30:01.252281648Z,8.58,100,9.55,1600,9.99,100,10.58,100,10.61,200,10.92,200,10.93,200,10.99,700,11.05,100,11.07,700,14,100,14.2,100,14.44,100,14.74,100,15.28,100,15.3,100,15.31,2,15.61,100,15.91,100,16.11,700
2025-07-17T13:30:01.254829854Z,8.58,100,9.55,1600,9.99,100,10.58,100,10.61,200,10.92,200,10.93,200,10.99,700,11.05,100,11.07,700,14,100,14.2,100,14.44,100,14.74,100,15.28,100,15.3,100,15.31,2,15.61,100,15.91,100,16.11,700
2025-07-17T13:30:01.254829854Z,8.58,100,9.55,1600,9.99,100,10.58,100,10.61,200,10.92,200,10.93,200,10.99,700,11.05,100,11.07,700,14,100,14.2,100,14.44,100,14.74,100,15.28,100,15.3,100,15.31,2,15.61,100,15.91,100,16.11,700
2025-07-17T13:30:01.254836082Z,8.58,100,9.55,1600,9.99,100,10.58,100,10.61,200,10.92,200,10.93,200,10.99,700,11.05,100,11.07,700,14,100,14.2,100,14.44,100,14.74,100,15.28,100,15.3,100,15.61,100,15.91,100,16.11,700,16.15,700
2025-07-17T13:30:01.254836082Z,8.58,100,9.55,1600,9.99,100,10.58,100,10.61,200,10.92,200,10.93,200,10.99,700,11.05,100,11.07,700,14,100,14.2,100,14.44,100,14.65,2,14.74,100,15.28,100,15.3,100,15.61,100,15.91,100,16.11,700
2025-07-17T13:30:01.326934077Z,8.58,100,9.55,1600,9.99,100,10.58,100,10.61,200,10.92,200,10.93,200,10.99,700,11.05,100,11.07,700,14,100,14.2,100,14.44,100,14.65,2,14.74,100,15.28,100,15.3,100,15.61,100,15.91,100,16.11,700
2025-07-17T13:30:01.327714478Z,8.58,100,9.55,1600,9.99,100,10.58,100,10.61,200,10.92,200,10.93,200,10.99,700,11.05,100,11.07,700,14,100,14.2,100,14.44,100,14.65,2,14.74,100,15.28,100,15.3,100,15.91,100,16.11,700,16.15,700
2025-07-17T13:30:01.367244122Z,8.58,100,9.55,1600,9.99,100,10.58,100,10.61,200,10.92,200,10.93,100,10.99,700,11.05,100,11.07,700,14,100,14.2,100,14.44,100,14.65,2,14.74,100,15.28,100,15.3,100,15.91,100,16.11,700,16.15,700
2025-07-17T13:30:01.367244122Z,8.58,100,9.55,1600,9.99,100,10.58,100,10.61,200,10.92,200,10.93,100,10.99,700,11.05,100,11.07,700,14,100,14.2,100,14.44,100,14.65,2,14.74,100,15.28,100,15.3,100,15.91,100,16.11,700,16.15,700
2025-07-17T13:30:01.367256226Z,8.58,100,9.55,1600,9.99,100,10.58,100,10.61,200,10.92,200,10.93,100,10.99,700,11.05,100,11.07,700,14,100,14.2,100,14.44,100,14.65,2,14.74,100,15.28,100,15.3,100,15.91,100,16.11,700,16.15,700
2025-07-17T13:30:01.367256226Z,8.58,100,9.55,1600,9.99,100,10.58,100,10.61,200,10.92,200,10.93,100,10.99,700,11.05,100,11.07,700,14,100,14.2,100,14.34,100,14.44,100,14.65,2,14.74,100,15.28,100,15.3,100,15.91,100,16.11,700
2025-07-17T13:30:01.456460560Z,8.58,100,9.55,1600,9.99,100,10.58,100,10.61,200,10.92,100,10.93,100,10.99,700,11.05,100,11.07,700,14,100,14.2,100,14.34,100,14.44,100,14.65,2,14.74,100,15.28,100,15.3,100,15.91,100,16.11,700
2025-07-17T13:30:01.456460560Z,8.58,100,9.55,1600,9.99,100,10.58,100,10.61,200,10.92,100,10.93,100,10.99,700,11.05,100,11.07,700,14,100,14.2,100,14.34,100,14.44,100,14.65,2,14.74,100,15.28,100,15.3,100,15.91,100,16.11,700
2025-07-17T13:30:01.456476348Z,8.58,100,9.55,1600,9.99,100,10.58,100,10.61,200,10.92,100,10.93,100,10.99,700,11.05,100,11.07,700,14,100,14.2,100,14.34,100,14.44,100,14.65,2,14.74,100,15.28,100,15.3,100,15.91,100,16.11,700
2025-07-17T13:30:01.456476348Z,8.58,100,9.55,1600,9.99,100,10.58,100,10.61,200,10.92,100,10.93,100,10.99,700,11.05,100,11.07,700,14,100,14.2,100,14.34,100,14.44,100,14.65,2,14.74,100,14.9,100,15.28,100,15.3,100,15.91,100
2025-07-17T13:30:01.487884350Z,8.58,100,9.55,1600,9.99,100,10.58,100,10.61,200,10.93,100,10.99,700,11.05,100,11.07,700,11.14,700,14,100,14.2,100,14.34,100,14.44,100,14.65,2,14.74,100,14.9,100,15.28,100,15.3,100,15.91,100
2025-07-17T13:30:01.487884350Z,8.58,100,9.55,1600,9.99,100,10.58,100,10.61,200,10.93,100,10.99,700,11.05,100,11.07,700,11.14,700,14,100,14.2,100,14.34,100,14.44,100,14.65,2,14.74,100,14.9,100,15.28,100,15.3,100,15.91,100
2025-07-17T13:30:01.487905785Z,8.58,100,9.55,1600,9.99,100,10.58,100,10.61,200,10.93,100,10.99,700,11.05,100,11.07,700,11.14,700,14,100,14.2,100,14.34,100,14.44,100,14.65,2,14.74,100,14.9,100,15.28,100,15.3,100,15.91,100
2025-07-17T13:30:01.487905785Z,8.58,100,9.55,1600,9.99,100,10.58,100,10.61,200,10.93,100,10.99,700,11.05,100,11.07,700,11.14,700,14,100,14.2,100,14.34,100,14.44,100,14.65,2,14.74,100,14.9,200,15.28,100,15.3,100,15.91,100
2025-07-17T13:30:01.488809902Z,8.58,100,9.55,1600,9.99,100,10.58,100,10.61,200,10.93,100,10.99,700,11.05,100,11.07,700,11.14,700,14,100,14.2,100,14.34,100,14.44,100,14.65,2,14.74,100,14.9,200,15.28,100,15.3,100,15.91,100
2025-07-17T13:30:01.488866053Z,8.58,100,9.55,1600,9.99,100,10.58,100,10.61,200,10.93,100,10.99,700,11.05,100,11.07,700,11.14,700,14,100,14.2,100,14.34,100,14.44,100,14.65,2,14.74,100,14.9,200,15.28,100,15.3,100,15.91,100
2025-07-17T13:30:01.532274368Z,8.58,100,9.55,1600,9.99,100,10.58,100,10.61,200,10.93,100,10.99,700,11.05,100,11.07,700,11.14,700,14,100,14.2,100,14.34,100,14.44,100,14.65,2,14.74,100,14.9,200,15.28,100,15.3,100,15.91,100
2025-07-17T13:30:01.532293890Z,8.58,100,9.55,1600,9.99,100,10.58,100,10.61,200,10.93,100,10.99,700,11.07,700,11.14,700,11.29,100,14,100,14.2,100,14.34,100,14.44,100,14.65,2,14.74,100,14.9,200,15.28,100,15.3,100,15.91,100
2025-07-17T13:30:01.532324961Z,8.58,100,9.55,1600,9.99,100,10.58,100,10.61,200,10.93,100,10.99,700,11.07,700,11.14,700,11.29,100,14,100,14.2,200,14.34,100,14.44,100,14.65,2,14.74,100,14.9,200,15.28,100,15.3,100,15.91,100
2025-07-17T13:30:01.532347519Z,8.58,100,9.55,1600,9.99,100,10.58,100,10.61,200,10.93,100,10.99,700,11.07,700,11.14,700,11.29,100,14,100,14.2,200,14.34,100,14.44,100,14.65,2,14.74,100,14.9,200,15.28,100,15.3,100,15.91,100
2025-07-17T13:30:01.537195873Z,8.58,100,9.55,1600,9.99,100,10.58,100,10.61,200,10.93,100,10.99,700,11.07,700,11.14,700,11.29,100,14,100,14.2,200,14.34,100,14.44,100,14.65,2,14.74,100,14.9,200,15.28,100,15.3,100,15.91,100
2025-07-17T13:30:01.537219414Z,8.58,100,9.55,1600,9.99,100,10.58,100,10.61,200,10.93,100,10.99,700,11.07,700,11.14,700,11.29,100,14,100,14.2,200,14.34,100,14.44,100,14.65,102,14.74,100,14.9,200,15.28,100,15.3,100,15.91,100
2025-07-17T13:30:01.571375465Z,8.58,100,9.55,1600,9.99,100,10.58,100,10.61,200,10.93,100,10.99,700,11.07,700,11.14,700,11.29,100,14,100,14.2,200,14.34,100,14.44,100,14.65,102,14.74,100,14.9,200,15.28,100,15.3,100,15.91,100
2025-07-17T13:30:01.589592733Z,8.58,100,9.55,1600,9.99,100,10.58,100,10.61,200,10.93,100,10.99,700,11.07,700,11.14,700,11.29,100,14,100,14.2,200,14.34,100,14.44,100,14.65,102,14.74,100,14.9,200,15.28,100,15.3,100,15.91,100
2025-07-17T13:30:01.590381387Z,8.58,100,9.55,1600,9.99,100,10.58,100,10.61,200,10.93,100,10.99,700,11.07,700,11.14,700,11.29,100,14,100,14.2,200,14.34,100,14.44,100,14.65,102,14.74,100,14.9,200,15.28,100,15.3,100,15.91,100
2025-07-17T13:30:01.592507554Z,8.58,100,9.55,1600,10.58,100,10.61,200,10.93,100,10.99,700,11.07,700,11.14,700,11.29,100,11.4,100,14,100,14.2,200,14.34,100,14.44,100,14.65,102,14.74,100,14.9,200,15.28,100,15.3,100,15.91,100
2025-07-17T13:30:01.592507554Z,8.58,100,9.55,1600,10.58,100,10.61,200,10.93,100,10.99,700,11.07,700,11.14,700,11.27,100,11.29,100,14,100,14.2,200,14.34,100,14.44,100,14.65,102,14.74,100,14.9,200,15.28,100,15.3,100,15.91,100
2025-07-17T13:30:01.592539240Z,8.58,100,9.55,1600,10.58,100,10.61,200,10.93,100,10.99,700,11.07,700,11.14,700,11.27,100,11.29,100,14,100,14.2,200,14.34,100,14.44,100,14.65,102,14.74,100,14.9,200,15.28,100,15.3,100,15.91,100
2025-07-17T13:30:01.592539240Z,8.58,100,9.55,1600,10.58,100,10.61,200,10.93,100,10.99,700,11.07,700,11.14,700,11.27,100,11.29,100,14,100,14.2,200,14.34,100,14.44,100,14.65,102,14.74,100,14.9,200,15.28,100,15.3,100,15.41,100
2025-07-17T13:30:01.661958252Z,8.58,100,9.55,1600,10.61,200,10.93,100,10.99,700,11.07,700,11.14,700,11.27,100,11.29,100,11.4,100,14,100,14.2,200,14.34,100,14.44,100,14.65,102,14.74,100,14.9,200,15.28,100,15.3,100,15.41,100
2025-07-17T13:30:01.661958252Z,8.58,100,9.55,1600,10.61,200,10.93,100,10.99,700,11.07,700,11.14,700,11.27,100,11.29,100,11.4,100,14,100,14.2,200,14.34,100,14.44,100,14.65,102,14.74,100,14.9,200,15.28,100,15.3,100,15.41,100
2025-07-17T13:30:01.661989524Z,8.58,100,9.55,1600,10.61,200,10.93,100,10.99,700,11.07,700,11.14,700,11.27,100,11.29,100,11.4,100,14,100,14.2,200,14.34,100,14.44,100,14.65,102,14.74,100,14.9,200,15.28,100,15.3,100,15.41,100
2025-07-17T13:30:01.661989524Z,8.58,100,9.55,1600,10.61,200,10.93,100,10.99,700,11.07,700,11.14,700,11.27,100,11.29,100,11.4,100,14,100,14.2,200,14.34,100,14.44,100,14.65,102,14.74,200,14.9,200,15.28,100,15.3,100,15.41,100
2025-07-17T13:30:01.929395142Z,8.58,100,9.55,1600,10.61,200,10.93,100,10.99,700,11.07,700,11.14,700,11.27,100,11.29,100,11.4,100,14,100,14.2,200,14.34,100,14.44,100,14.65,2,14.74,200,14.9,200,15.28,100,15.3,100,15.41,100
2025-07-17T13:30:01.930800767Z,8.58,100,9.55,1600,10.61,200,10.93,100,10.99,700,11.07,700,11.14,700,11.27,100,11.29,100,11.4,100,13.67,100,14,100,14.2,200,14.34,100,14.44,100,14.65,2,14.74,200,14.9,200,15.28,100,15.3,100
2025-07-17T13:30:02.208989359Z,8.58,100,9.55,1600,10.61,200,10.93,100,10.99,700,11.07,700,11.14,700,11.27,100,11.29,100,11.4,100,13.67,100,14,100,14.2,200,14.34,100,14.44,100,14.65,2,14.74,200,14.9,200,15.28,100,15.3,100
2025-07-17T13:30:02.209004229Z,8.58,100,9.55,1700,10.61,200,10.93,100,10.99,700,11.07,700,11.14,700,11.27,100,11.29,100,11.4,100,13.67,100,14,100,14.2,200,14.34,100,14.44,100,14.65,2,14.74,200,14.9,200,15.28,100,15.3,100
2025-07-17T13:30:02.378274380Z,8.58,100,9.55,1700,10.61,200,10.93,100,10.99,700,11.07,700,11.14,700,11.27,100,11.29,100,11.4,100,13.67,100,14,100,14.2,200,14.34,100,14.44,100,14.65,2,14.74,200,14.9,200,15.28,100,15.3,100
2025-07-17T13:30:02.378280610Z,8.58,100,9.55,1700,10.61,200,10.93,100,10.99,700,11.07,700,11.14,700,11.27,100,11.29,100,11.4,100,13.67,100,13.93,100,14,100,14.2,200,14.34,100,14.44,100,14.65,2,14.74,200,14.9,200,15.28,100
2025-07-17T13:30:02.378286605Z,8.58,100,9.55,1700,10.61,200,10.93,100,10.99,700,11.07,700,11.14,700,11.27,100,11.4,100,11.76,100,13.67,100,13.93,100,14,100,14.2,200,14.34,100,14.44,100,14.65,2,14.74,200,14.9,200,15.28,100
2025-07-17T13:30:02.378293244Z,8.58,100,9.55,1700,10.61,200,10.93,100,10.99,700,11.07,700,11.14,700,11.27,100,11.4,100,11.76,100,13.67,100,13.93,100,14,100,14.2,200,14.34,100,14.44,100,14.65,2,14.74,200,14.9,200,15.28,100
2025-07-17T13:30:02.476818222Z,8.58,100,9.55,1700,10.61,200,10.93,100,10.99,700,11.07,700,11.14,700,11.27,100,11.4,100,11.76,100,13.67,100,13.93,100,14,100,14.2,200,14.34,100,14.44,100,14.65,2,14.74,200,14.9,100,15.28,100
2025-07-17T13:30:02.476818222Z,8.58,100,9.55,1700,10.61,200,10.93,100,10.99,700,11.07,700,11.14,700,11.27,100,11.4,100,11.76,100,13.67,100,13.93,100,14,100,14.2,200,14.34,100,14.44,100,14.57,100,14.65,2,14.74,200,14.9,100
2025-07-17T13:30:02.483131658Z,8.58,100,9.55,1700,10.61,200,10.93,100,10.99,700,11.07,700,11.14,700,11.27,100,11.4,100,11.76,100,13.67,100,13.93,100,14,100,14.2,200,14.34,100,14.44,100,14.57,100,14.65,2,14.74,200,15.28,100
2025-07-17T13:30:02.483131658Z,8.58,100,9.55,1700,10.61,200,10.93,100,10.99,700,11.07,700,11.14,700,11.27,100,11.4,100,11.76,100,13.67,100,13.93,100,14,100,14.2,200,14.34,100,14.44,100,14.57,200,14.65,2,14.74,200,15.28,100
2025-07-17T13:30:02.524755932Z,9.55,1700,10.61,200,10.93,100,10.99,700,11.07,700,11.14,700,11.27,100,11.4,100,11.76,100,11.93,200,13.67,100,13.93,100,14,100,14.2,200,14.34,100,14.44,100,14.57,200,14.65,2,14.74,200,15.28,100
2025-07-17T13:30:02.524755932Z,9.55,1700,9.67,100,10.61,200,10.93,100,10.99,700,11.07,700,11.14,700,11.27,100,11.4,100,11.76,100,13.67,100,13.93,100,14,100,14.2,200,14.34,100,14.44,100,14.57,200,14.65,2,14.74,200,15.28,100
2025-07-17T13:30:02.524769583Z,9.55,1700,9.67,100,10.61,200,10.93,100,10.99,700,11.07,700,11.14,700,11.27,100,11.4,100,11.76,100,13.67,100,13.93,100,14,100,14.2,200,14.34,100,14.44,100,14.57,200,14.65,2,14.74,200,15.28,100
2025-07-17T13:30:02.524769583Z,9.55,1700,9.67,100,10.61,200,10.93,100,10.99,700,11.07,700,11.14,700,11.27,100,11.4,100,11.76,100,13.67,100,13.93,100,14,100,14.2,200,14.34,100,14.44,100,14.57,200,14.65,2,14.74,200,15.28,100
2025-07-17T13:30:02.573606685Z,9.55,1700,9.67,100,10.61,200,10.99,700,11.07,700,11.14,700,11.27,100,11.4,100,11.76,100,11.93,200,13.67,100,13.93,100,14,100,14.2,200,14.34,100,14.44,100,14.57,200,14.65,2,14.74,200,15.28,100
2025-07-17T13:30:02.573606685Z,9.55,1700,9.67,100,10.61,200,10.99,700,11.07,700,11.14,700,11.27,100,11.4,100,11.76,100,11.93,200,13.67,100,13.93,100,14,100,14.2,200,14.34,100,14.44,100,14.57,200,14.65,2,14.74,200,15.28,100
2025-07-17T13:30:02.573623478Z,9.55,1700,9.67,100,10.61,200,10.99,700,11.07,700,11.14,700,11.27,100,11.4,100,11.76,100,11.93,200,13.67,100,13.93,100,14,100,14.2,200,14.34,100,14.44,100,14.57,200,14.65,2,14.74,200,15.28,100
2025-07-17T13:30:02.573623478Z,9.55,1700,9.67,100,10.61,200,10.99,700,11.07,700,11.14,700,11.27,100,11.4,100,11.76,100,11.93,200,13.67,100,13.93,100,14,100,14.2,200,14.34,200,14.44,100,14.57,200,14.65,2,14.74,200,15.28,100
2025-07-17T13:30:06.757383618Z,9.55,1700,9.67,100,10.61,200,10.99,700,11.07,700,11.14,700,11.27,100,11.4,100,11.76,100,11.93,200,13.67,100,13.93,100,14,100,14.2,200,14.27,700,14.34,200,14.44,100,14.57,200,14.65,2,14.74,200
2025-07-17T13:30:06.757435491Z,9.55,1700,9.67,100,10.61,200,10.99,700,11.07,700,11.14,700,11.27,100,11.4,100,11.76,100,11.93,200,13.67,100,13.93,100,14,100,14.2,200,14.27,700,14.34,200,14.44,100,14.57,200,14.65,2,14.74,200
2025-07-17T13:30:07.194841610Z,9.55,1700,9.67,100,10.61,200,10.99,700,11.07,700,11.14,700,11.27,100,11.4,100,11.76,100,11.93,200,13.67,100,13.93,100,14,100,14.2,200,14.27,700,14.34,200,14.44,100,14.57,200,14.65,2,14.74,200
2025-07-17T13:30:07.194880522Z,9.55,1700,9.67,100,10.61,200,10.99,700,11.07,700,11.14,700,11.27,100,11.4,100,11.76,100,11.93,200,13.67,100,13.93,100,14,100,14.2,200,14.27,700,14.34,200,14.44,100,14.57,200,14.65,2,14.74,200
2025-07-17T13:30:07.394882479Z,9.55,1700,9.67,100,10.61,200,10.99,700,11.07,700,11.14,700,11.27,100,11.4,100,11.76,100,11.93,200,13.67,100,13.93,100,14,100,14.2,200,14.27,700,14.34,200,14.44,100,14.57,200,14.65,2,14.74,200
2025-07-17T13:30:07.395357697Z,9.55,1700,9.67,100,10.61,200,10.99,700,11.07,700,11.14,700,11.27,100,11.4,100,11.76,100,11.93,200,13.67,100,13.93,100,14,100,14.2,200,14.27,700,14.34,200,14.44,100,14.57,200,14.65,2,14.74,200
2025-07-17T13:30:07.594772046Z,9.55,1700,9.67,100,10.61,200,10.99,700,11.07,700,11.14,700,11.27,100,11.4,100,11.76,100,11.93,200,13.67,100,13.93,100,14,100,14.2,200,14.27,700,14.34,200,14.44,100,14.57,200,14.65,2,14.7,700
2025-07-17T13:30:07.594797098Z,9.55,1700,9.67,100,10.61,200,10.99,700,11.07,700,11.14,700,11.27,100,11.4,100,11.76,100,11.93,200,13.67,100,13.93,100,14,100,14.2,200,14.27,700,14.34,200,14.44,100,14.57,200,14.65,2,14.7,700
2025-07-17T13:30:07.663083798Z,9.55,1700,9.67,100,10.61,200,10.99,700,11.07,700,11.14,700,11.27,100,11.4,100,11.76,100,11.93,200,13.67,100,13.93,100,14,100,14.2,200,14.27,700,14.34,200,14.44,100,14.46,700,14.57,200,14.65,2
2025-07-17T13:30:07.663798482Z,9.55,1700,9.67,100,10.61,200,10.99,700,11.07,700,11.14,700,11.27,100,11.4,100,11.76,100,11.93,200,13.67,100,13.93,100,14,100,14.2,200,14.27,700,14.34,200,14.44,100,14.46,700,14.57,200,14.65,2
2025-07-17T13:30:07.914271879Z,9.55,1700,9.67,100,10.61,200,10.99,700,11.07,700,11.14,700,11.27,100,11.4,100,11.76,800,11.93,200,13.67,100,13.93,100,14,100,14.2,200,14.27,700,14.34,200,14.44,100,14.46,700,14.57,200,14.65,2
2025-07-17T13:30:07.914949951Z,9.55,1700,9.67,100,10.61,200,11.07,700,11.14,700,11.27,100,11.4,100,11.76,800,11.93,200,12.23,100,13.67,100,13.93,100,14,100,14.2,200,14.27,700,14.34,200,14.44,100,14.46,700,14.57,200,14.65,2
2025-07-17T13:30:08.025660842Z,9.55,1700,9.67,100,10.61,200,11.07,700,11.14,700,11.27,100,11.4,100,11.76,800,11.93,200,12.02,700,13.67,100,13.93,100,14,100,14.2,200,14.27,700,14.34,200,14.44,100,14.46,700,14.57,200,14.65,2
2025-07-17T13:30:08.025673570Z,9.55,1700,9.67,100,10.61,200,11.07,700,11.14,700,11.27,100,11.4,100,11.76,100,11.93,200,12.02,700,13.67,100,13.93,100,14,100,14.2,200,14.27,700,14.34,200,14.44,100,14.46,700,14.57,200,14.65,2
2025-07-17T13:30:08.114272470Z,9.55,1700,9.67,100,10.61,200,11.07,700,11.14,700,11.27,100,11.4,100,11.76,100,11.93,200,12.02,700,13.67,100,13.93,100,14,100,14.2,200,14.27,700,14.34,200,14.44,100,14.46,700,14.57,200,14.65,2
2025-07-17T13:30:08.115068904Z,9.55,1700,9.67,100,10.61,200,11.07,700,11.14,700,11.27,100,11.4,100,11.76,100,11.93,200,12.23,100,13.67,100,13.93,100,14,100,14.2,200,14.27,700,14.34,200,14.44,100,14.46,700,14.57,200,14.65,2
2025-07-17T13:30:08.394373251Z,9.55,1700,9.67,100,10.61,200,11.07,700,11.14,700,11.27,100,11.4,100,11.76,100,11.93,200,12.23,100,13.67,100,13.93,100,14,100,14.2,200,14.27,700,14.34,200,14.44,100,14.46,700,14.57,200,14.65,2
2025-07-17T13:30:08.402012613Z,9.55,1700,9.67,100,10.61,200,11.07,700,11.14,700,11.27,100,11.4,100,11.76,100,11.93,200,12.23,100,13.67,100,13.93,100,14,100,14.2,200,14.27,700,14.34,200,14.44,100,14.46,700,14.57,200,14.65,2
2025-07-17T13:30:08.512579639Z,9.55,1700,9.67,100,10.61,200,11.07,700,11.14,700,11.27,100,11.4,100,11.76,100,11.93,200,12.23,100,13.67,100,13.93,100,14,100,14.2,200,14.26,700,14.27,700,14.34,200,14.44,100,14.46,700,14.57,200
2025-07-17T13:30:08.512974877Z,9.55,1700,9.67,100,10.61,200,11.07,700,11.14,700,11.27,100,11.4,100,11.76,100,11.93,200,12.23,100,13.67,100,13.93,100,14,100,14.2,200,14.26,700,14.27,700,14.34,200,14.44,100,14.46,700,14.57,200
2025-07-17T13:30:09.128991840Z,9.55,1700,9.67,100,10.61,200,11.07,700,11.14,700,11.27,100,11.4,100,11.76,800,11.93,200,12.23,100,13.67,100,13.93,100,14,100,14.2,200,14.26,700,14.27,700,14.34,200,14.44,100,14.46,700,14.57,200
2025-07-17T13:30:09.129006013Z,9.55,1700,9.67,100,10.61,200,11.14,700,11.27,100,11.4,100,11.76,800,11.93,200,12.23,100,12.26,700,13.67,100,13.93,100,14,100,14.2,200,14.26,700,14.27,700,14.34,200,14.44,100,14.46,700,14.57,200
2025-07-17T13:30:09.329050977Z,9.55,1700,9.67,100,10.61,200,11.14,700,11.27,100,11.4,100,11.76,800,11.93,200,12.02,700,12.23,100,13.67,100,13.93,100,14,100,14.2,200,14.26,700,14.27,700,14.34,200,14.44,100,14.46,700,14.57,200
2025-07-17T13:30:09.329118219Z,9.55,1700,9.67,100,10.61,200,11.14,700,11.27,100,11.4,100,11.76,100,11.93,200,12.02,700,12.23,100,13.67,100,13.93,100,14,100,14.2,200,14.26,700,14.27,700,14.34,200,14.44,100,14.46,700,14.57,200
2025-07-17T13:30:10.081175039Z,9.55,1700,9.67,100,10.61,200,11.14,700,11.27,100,11.4,100,11.76,100,11.93,200,12.02,700,12.23,100,13.4,10,13.67,100,13.93,100,14,100,14.2,200,14.26,700,14.27,700,14.34,200,14.44,100,14.46,700
2025-07-17T13:30:10.082150107Z,9.55,1700,9.67,100,10.61,200,11.14,700,11.27,100,11.4,100,11.76,100,11.93,200,12.02,700,12.23,100,13.4,10,13.67,100,13.93,100,14,100,14.2,200,14.26,700,14.27,700,14.34,200,14.44,100,14.46,700
2025-07-17T13:30:10.082150107Z,9.55,1700,9.67,100,10.61,200,11.14,700,11.27,100,11.4,100,11.76,100,11.93,200,12.02,700,12.23,100,13.4,10,13.67,100,13.93,100,14,100,14.2,200,14.26,700,14.27,700,14.29,100,14.34,200,14.44,100
2025-07-17T13:30:10.082662762Z,9.55,1700,9.67,100,10.61,200,11.14,700,11.27,100,11.4,100,11.76,100,11.93,200,12.02,700,12.23,100,13.4,10,13.67,100,13.93,100,14,100,14.2,200,14.26,700,14.27,700,14.29,100,14.34,200,14.44,100
2025-07-17T13:30:10.082662762Z,9.55,1700,9.67,100,10.61,200,11.14,700,11.27,100,11.4,100,11.76,100,11.93,200,12.02,700,12.23,100,13.4,10,13.67,100,13.93,100,14,100,14.2,200,14.26,700,14.27,700,14.29,200,14.34,200,14.44,100
2025-07-17T13:30:10.084896414Z,9.55,1700,9.67,100,10.61,200,11.14,700,11.27,100,11.4,100,11.76,100,11.93,200,12.02,700,12.23,100,13.4,10,13.67,100,13.93,100,14,100,14.2,200,14.26,700,14.27,700,14.29,200,14.34,200,14.44,100
2025-07-17T13:30:10.085332605Z,9.55,1700,9.67,100,10.61,200,11.27,100,11.4,100,11.76,100,11.93,200,12.02,700,12.23,100,12.26,700,13.4,10,13.67,100,13.93,100,14,100,14.2,200,14.26,700,14.27,700,14.29,200,14.34,200,14.44,100
2025-07-17T13:30:12.194582572Z,9.55,1700,9.67,100,10.61,200,11.27,100,11.4,100,11.76,100,11.93,200,12.02,700,12.23,100,12.26,700,13.4,10,13.67,100,13.93,100,14,100,14.2,200,14.26,700,14.27,700,14.29,200,14.34,200,14.44,100
2025-07-17T13:30:12.194582572Z,9.55,1700,9.67,100,10.61,200,11.27,100,11.4,100,11.76,100,11.93,200,12.02,700,12.23,100,12.26,700,13.4,10,13.67,100,13.93,100,14,100,14.2,200,14.26,700,14.27,700,14.29,200,14.34,200,14.43,2
2025-07-17T13:30:14.128932140Z,9.55,1700,9.67,100,10.61,200,11.27,100,11.4,100,11.76,100,11.93,200,12.02,700,12.23,100,12.26,700,13.4,10,13.67,100,13.93,100,14,100,14.2,200,14.26,700,14.27,700,14.29,200,14.34,200,14.43,2
2025-07-17T13:30:14.129008546Z,9.55,1700,9.67,100,10.61,200,11.27,100,11.4,100,11.76,100,11.93,200,12.23,100,12.26,700,12.33,202,13.4,10,13.67,100,13.93,100,14,100,14.2,200,14.26,700,14.27,700,14.29,200,14.34,200,14.43,2
2025-07-17T13:30:23.695564208Z,9.55,1700,9.67,100,10.61,200,11.27,100,11.4,100,11.76,100,11.93,200,12.23,100,12.26,700,12.33,202,13.4,22,13.67,100,13.93,100,14,100,14.2,200,14.26,700,14.27,700,14.29,200,14.34,200,14.43,2
2025-07-17T13:30:25.512069243Z,9.55,1700,9.67,100,10.61,200,11.27,100,11.4,100,11.76,100,11.93,200,12.23,100,12.26,700,12.33,202,13.4,12,13.67,100,13.93,100,14,100,14.2,200,14.26,700,14.27,700,14.29,200,14.34,200,14.43,2
2025-07-17T13:30:26.553160650Z,9.55,1700,9.67,100,10.61,200,11.27,100,11.4,100,11.76,100,11.93,200,12.23,100,12.26,700,12.33,202,13.4,22,13.67,100,13.93,100,14,100,14.2,200,14.26,700,14.27,700,14.29,200,14.34,200,14.43,2
2025-07-17T13:30:35.240400172Z,9.55,1700,9.67,100,10.61,200,11.27,100,11.4,100,11.76,100,11.93,200,12.23,100,12.26,700,12.33,202,13.4,12,13.67,100,13.93,100,14,100,14.2,200,14.26,700,14.27,700,14.29,200,14.34,200,14.43,2
2025-07-17T13:30:43.952999157Z,9.55,1700,9.67,100,10.61,200,11.27,100,11.4,100,11.76,100,11.93,200,12.23,100,12.26,700,12.33,202,13.67,100,13.93,100,14,100,14.2,200,14.26,700,14.27,700,14.29,200,14.34,200,14.43,2,14.44,100
2025-07-17T13:30:43.953363128Z,9.55,1700,9.67,100,10.61,200,11.27,100,11.4,100,11.76,100,11.93,200,12.23,100,12.26,700,12.33,202,13.4,24,13.67,100,13.93,100,14,100,14.2,200,14.26,700,14.27,700,14.29,200,14.34,200,14.43,2
2025-07-17T13:30:47.814108950Z,9.55,1700,9.67,100,10.61,200,11.27,100,11.4,100,11.76,100,11.93,200,12.23,100,12.26,700,12.33,202,13.4,34,13.67,100,13.93,100,14,100,14.2,200,14.26,700,14.27,700,14.29,200,14.34,200,14.43,2
2025-07-17T13:30:48.271611303Z,9.55,1700,9.67,100,10.61,200,11.27,100,11.4,100,11.76,100,11.93,200,12.23,100,12.26,700,12.33,202,13.4,24,13.67,100,13.93,100,14,100,14.2,200,14.26,700,14.27,700,14.29,200,14.34,200,14.43,2
2025-07-17T13:30:56.518283181Z,9.55,1700,9.67,100,10.61,200,11.27,100,11.4,100,11.76,100,11.93,200,12.23,100,12.26,700,12.33,202,13.4,34,13.67,100,13.93,100,14,100,14.2,200,14.26,700,14.27,700,14.29,200,14.34,200,14.43,2
2025-07-17T13:31:01.011743292Z,9.55,1700,9.67,100,10.61,200,11.27,100,11.4,100,11.76,100,11.93,200,12.23,100,12.26,700,12.33,202,13.4,34,13.67,100,13.93,100,14,100,14.2,900,14.26,700,14.27,700,14.29,200,14.34,200,14.43,2
2025-07-17T13:31:01.028848502Z,9.55,1700,9.67,100,10.61,200,11.27,100,11.4,100,11.76,100,11.93,200,12.23,100,12.26,700,12.33,202,13.4,34,13.67,100,13.93,100,14,100,14.2,900,14.26,700,14.27,700,14.29,200,14.34,200,14.43,2
2025-07-17T13:31:01.131557345Z,9.55,1700,9.67,100,10.61,200,11.27,100,11.4,100,11.76,100,11.93,200,12.23,100,12.26,700,12.33,202,13.4,24,13.67,100,13.93,100,14,100,14.2,900,14.26,700,14.27,700,14.29,200,14.34,200,14.43,2
2025-07-17T13:31:08.376321454Z,9.55,1700,9.67,100,10.61,200,11.27,100,11.4,100,11.76,100,11.93,200,12.23,100,12.26,700,12.33,202,13.67,100,13.93,100,14,100,14.2,900,14.26,700,14.27,700,14.29,200,14.34,200,14.43,2,14.44,100
2025-07-17T13:31:08.376692815Z,9.55,1700,9.67,100,10.61,200,11.27,100,11.4,100,11.76,100,11.93,200,12.23,100,12.26,700,12.33,202,13.4,18,13.67,100,13.93,100,14,100,14.2,900,14.26,700,14.27,700,14.29,200,14.34,200,14.43,2
2025-07-17T13:31:08.377022927Z,9.55,1700,9.67,100,10.61,200,11.27,100,11.4,100,11.76,100,11.93,200,12.23,100,12.26,700,12.33,202,13.4,18,13.67,100,13.93,100,14,100,14.2,900,14.26,700,14.27,700,14.29,100,14.34,200,14.43,2
2025-07-17T13:31:08.377022927Z,9.55,1700,9.67,100,10.61,200,11.27,100,11.4,100,11.76,100,11.93,200,12.23,100,12.26,700,12.33,202,13.4,18,13.67,100,13.93,100,14,100,14.2,900,14.26,700,14.27,700,14.29,100,14.34,200,14.43,2
2025-07-17T13:31:09.399928944Z,9.55,1700,9.67,100,10.61,200,11.27,100,11.4,100,11.76,100,11.93,200,12.23,100,12.26,700,12.33,202,13.4,18,13.67,100,13.93,100,14,100,14.2,900,14.26,700,14.27,700,14.29,100,14.34,200,14.43,2
2025-07-17T13:31:09.399928944Z,9.55,1700,9.67,100,10.61,200,11.27,100,11.4,100,11.76,100,11.93,200,12.23,100,12.26,700,12.33,202,13.4,18,13.67,100,13.93,100,14,100,14.2,900,14.26,700,14.27,700,14.29,200,14.34,200,14.43,2
2025-07-17T13:31:16.538876621Z,9.55,1700,9.67,100,10.61,200,11.27,100,11.4,100,11.76,100,11.93,200,12.23,100,12.26,700,12.33,202,13.4,28,13.67,100,13.93,100,14,100,14.2,900,14.26,700,14.27,700,14.29,200,14.34,200,14.43,2
2025-07-17T13:31:17.448559991Z,9.55,1700,9.67,100,10.61,200,11.27,100,11.4,100,11.76,100,11.93,200,12.23,100,12.26,700,12.33,202,13.4,18,13.67,100,13.93,100,14,100,14.2,900,14.26,700,14.27,700,14.29,200,14.34,200,14.43,2
2025-07-17T13:31:34.835937627Z,9.55,1700,9.67,100,10.61,200,11.27,100,11.4,100,11.76,100,11.93,200,12.23,100,12.26,700,12.33,202,13.67,100,13.93,100,14,100,14.2,900,14.26,700,14.27,700,14.29,200,14.34,200,14.43,2,14.44,100
2025-07-17T13:31:34.836694504Z,9.55,1700,9.67,100,10.61,200,11.27,100,11.4,100,11.76,100,11.93,200,12.23,100,12.26,700,12.33,202,13.67,100,13.93,100,14,100,14.2,900,14.26,700,14.27,700,14.29,100,14.34,200,14.43,2,14.44,100
2025-07-17T13:31:34.836694504Z,9.55,1700,9.67,100,10.61,200,11.27,100,11.4,100,11.76,100,11.93,200,12.23,100,12.26,700,12.33,202,13.67,100,13.93,100,14,100,14.2,900,14.26,700,14.27,700,14.29,100,14.34,200,14.43,2,14.44,100
2025-07-17T13:31:34.837099615Z,9.55,1700,9.67,100,10.61,200,11.27,100,11.4,100,11.76,100,11.93,200,12.23,100,12.26,700,12.33,202,13.67,100,13.93,100,14,100,14.2,900,14.26,700,14.27,700,14.34,200,14.43,2,14.44,100,14.46,700
2025-07-17T13:31:34.837099615Z,9.55,1700,9.67,100,10.61,200,11.27,100,11.4,100,11.76,100,11.93,200,12.23,100,12.26,700,12.33,202,13.67,100,13.93,100,14,100,14.2,900,14.26,700,14.27,700,14.34,200,14.43,2,14.44,100,14.46,700
2025-07-17T13:35:00.187526221Z,9.55,1700,9.67,100,10.61,200,11.27,100,11.4,100,11.76,100,11.93,200,12.23,100,12.26,700,12.33,200,13.67,100,13.93,100,14,100,14.2,900,14.26,700,14.27,700,14.34,200,14.43,2,14.44,100,14.46,700
2025-07-17T13:35:00.187526221Z,9.55,1700,9.67,100,10.61,200,11.27,100,11.4,100,11.76,100,11.93,200,12.23,100,12.26,700,12.33,200,13.67,100,13.93,100,14,100,14.2,900,14.26,700,14.27,700,14.34,200,14.43,2,14.44,100,14.46,700
2025-07-17T13:35:00.187528642Z,9.55,1700,9.67,100,10.61,200,11.27,100,11.4,100,11.76,100,11.93,200,12.23,100,12.26,700,12.33,200,13.67,100,13.93,100,14,100,14.2,900,14.26,700,14.27,700,14.34,200,14.44,100,14.46,700,14.56,200
2025-07-17T13:35:00.187528642Z,9.55,1700,9.67,100,10.61,200,11.27,100,11.4,100,11.76,100,11.93,200,12.23,100,12.26,700,12.33,200,13.67,100,13.78,2,13.93,100,14,100,14.2,900,14.26,700,14.27,700,14.34,200,14.44,100,14.46,700
2025-07-17T13:37:31.076154614Z,9.55,1700,9.67,100,10.61,200,11.27,100,11.4,100,11.76,100,11.93,200,12.23,100,12.26,700,12.33,200,13.67,100,13.78,2,13.93,100,14,100,14.2,900,14.26,700,14.27,700,14.34,200,14.44,100,14.46,700
2025-07-17T13:37:31.076154614Z,9.55,1700,9.67,100,10.61,200,11.27,100,11.4,100,11.76,100,11.93,200,12.23,100,12.26,700,12.33,200,13.67,100,13.78,2,13.93,100,14,100,14.2,900,14.26,700,14.27,700,14.29,100,14.34,200,14.44,100
2025-07-17T13:37:31.076330756Z,9.55,1700,9.67,100,10.61,200,11.27,100,11.4,100,11.76,100,11.93,200,12.23,100,12.26,700,12.33,200,13.67,100,13.78,2,13.93,100,14,100,14.2,900,14.26,700,14.27,700,14.29,100,14.34,200,14.44,100
2025-07-17T13:37:31.076330756Z,9.55,1700,9.67,100,10.61,200,11.27,100,11.4,100,11.76,100,11.93,200,12.23,100,12.26,700,12.33,200,13.67,100,13.78,2,13.93,100,14,100,14.2,900,14.26,700,14.27,700,14.29,200,14.34,200,14.44,100
2025-07-17T13:38:08.679744459Z,9.55,1700,9.67,100,10.61,200,11.27,100,11.4,100,11.76,100,11.93,200,12.23,100,12.26,700,12.33,200,13.67,100,13.78,2,13.93,100,14,100,14.2,900,14.26,700,14.27,700,14.29,100,14.34,200,14.44,100
2025-07-17T13:38:08.679744459Z,9.55,1700,9.67,100,10.61,200,11.27,100,11.4,100,11.76,100,11.93,200,12.23,100,12.26,700,12.33,200,13.67,100,13.78,2,13.93,100,14,100,14.2,900,14.26,700,14.27,700,14.29,100,14.34,200,14.44,100
2025-07-17T13:38:08.679752190Z,9.55,1700,9.67,100,10.61,200,11.27,100,11.4,100,11.76,100,11.93,200,12.23,100,12.26,700,12.33,200,13.67,100,13.78,2,13.93,100,14,100,14.2,900,14.26,700,14.27,700,14.34,200,14.44,100,14.46,700
2025-07-17T13:38:08.679752190Z,9.55,1700,9.67,100,10.61,200,11.27,100,11.4,100,11.76,100,11.93,200,12.23,100,12.26,700,12.33,200,13.67,100,13.78,2,13.93,100,14,100,14.2,900,14.26,700,14.27,700,14.34,200,14.44,100,14.46,700
2025-07-17T13:38:09.686863512Z,9.55,1700,9.67,100,10.61,200,11.27,100,11.4,100,11.76,100,11.93,200,12.23,100,12.26,700,12.33,200,13.67,100,13.78,2,13.93,100,14,100,14.2,900,14.26,700,14.27,700,14.34,200,14.44,100,14.46,700
2025-07-17T13:38:09.686863512Z,9.55,1700,9.67,100,10.61,200,11.27,100,11.4,100,11.76,100,11.93,200,12.23,100,12.26,700,12.33,200,13.67,100,13.78,2,13.93,100,14,100,14.2,900,14.26,700,14.27,700,14.29,100,14.34,200,14.44,100
2025-07-17T13:38:09.708029202Z,9.55,1700,9.67,100,10.61,200,11.27,100,11.4,100,11.76,100,11.93,200,12.23,100,12.26,700,12.33,200,13.67,100,13.78,2,13.93,100,14,100,14.2,900,14.26,700,14.27,700,14.29,100,14.34,200,14.44,100
2025-07-17T13:38:09.708029202Z,9.55,1700,9.67,100,10.61,200,11.27,100,11.4,100,11.76,100,11.93,200,12.23,100,12.26,700,12.33,200,13.67,100,13.78,2,13.93,100,14,100,14.2,900,14.26,700,14.27,700,14.29,200,14.34,200,14.44,100
2025-07-17T13:38:44.678957477Z,9.55,1700,9.67,100,10.61,200,11.27,100,11.4,100,11.76,100,11.93,200,12.23,100,12.26,700,12.33,200,13.4,15,13.67,100,13.78,2,13.93,100,14,100,14.2,900,14.26,700,14.27,700,14.29,200,14.34,200
2025-07-17T13:38:44.679278833Z,9.55,1700,9.67,100,10.61,200,11.27,100,11.4,100,11.76,100,11.93,200,12.23,100,12.26,700,12.33,200,13.4,15,13.67,100,13.78,2,13.93,100,14,100,14.2,900,14.26,700,14.27,700,14.29,100,14.34,200
2025-07-17T13:38:44.679278833Z,9.55,1700,9.67,100,10.61,200,11.27,100,11.4,100,11.76,100,11.93,200,12.23,100,12.26,700,12.33,200,13.4,15,13.67,100,13.78,2,13.93,100,14,100,14.2,900,14.26,700,14.27,700,14.29,100,14.34,200
2025-07-17T13:38:45.695265148Z,9.55,1700,9.67,100,10.61,200,11.27,100,11.4,100,11.76,100,11.93,200,12.23,100,12.26,700,12.33,200,13.4,15,13.67,100,13.78,2,13.93,100,14,100,14.2,900,14.26,700,14.27,700,14.29,100,14.34,200
2025-07-17T13:38:45.695265148Z,9.55,1700,9.67,100,10.61,200,11.27,100,11.4,100,11.76,100,11.93,200,12.23,100,12.26,700,12.33,200,13.4,15,13.67,100,13.78,2,13.93,100,14,100,14.2,900,14.26,700,14.27,700,14.29,200,14.34,200
2025-07-17T13:39:08.713907562Z,9.55,1700,9.67,100,10.61,200,11.27,100,11.4,100,11.76,100,11.93,200,12.23,100,12.26,700,12.33,200,13.67,100,13.78,2,13.93,100,14,100,14.2,900,14.26,700,14.27,700,14.29,200,14.34,200,14.44,100
2025-07-17T13:39:08.714284059Z,9.55,1700,9.67,100,10.61,200,11.27,100,11.4,100,11.76,100,11.93,200,12.23,100,12.26,700,12.33,200,13.4,24,13.67,100,13.78,2,13.93,100,14,100,14.2,900,14.26,700,14.27,700,14.29,200,14.34,200
2025-07-17T13:39:39.996436857Z,9.55,1700,9.67,100,10.61,200,11.27,100,11.4,100,11.76,100,11.93,200,12.23,100,12.26,700,12.33,200,13.4,23,13.67,100,13.78,2,13.93,100,14,100,14.2,900,14.26,700,14.27,700,14.29,200,14.34,200
2025-07-17T13:39:39.996436857Z,9.55,1700,9.67,100,10.61,200,11.27,100,11.4,100,11.76,100,11.93,200,12.23,100,12.26,700,12.33,200,13.4,23,13.67,100,13.78,2,13.93,100,14,100,14.2,900,14.26,700,14.27,700,14.29,200,14.34,200
2025-07-17T13:39:39.996436857Z,9.55,1700,9.67,100,10.61,200,11.27,100,11.4,100,11.76,100,11.93,200,12.23,100,12.26,700,12.33,200,13.67,100,13.78,2,13.93,100,14,100,14.2,900,14.26,700,14.27,700,14.29,200,14.34,200,14.44,100
2025-07-17T13:39:39.996833282Z,9.55,1700,9.67,100,10.61,200,11.27,100,11.4,100,11.76,100,11.93,200,12.23,100,12.26,700,12.33,200,13.67,100,13.78,2,13.93,100,14,100,14.2,900,14.26,700,14.27,700,14.29,200,14.34,200,14.44,100
2025-07-17T13:39:39.997144158Z,9.55,1700,9.67,100,10.61,200,11.27,100,11.4,100,11.76,100,11.93,200,12.23,100,12.26,700,12.33,200,13.67,100,13.78,2,13.93,100,14,100,14.2,900,14.26,700,14.27,700,14.29,100,14.34,200,14.44,100
2025-07-17T13:39:39.997144158Z,9.55,1700,9.67,100,10.61,200,11.27,100,11.4,100,11.76,100,11.93,200,12.23,100,12.26,700,12.33,200,13.67,100,13.78,2,13.93,100,14,100,14.2,900,14.26,700,14.27,700,14.29,100,14.34,200,14.44,100
2025-07-17T13:39:39.997211562Z,9.55,1700,9.67,100,10.61,200,11.27,100,11.4,100,11.76,100,11.93,200,12.23,100,12.26,700,12.33,200,13.4,24,13.67,100,13.78,2,13.93,100,14,100,14.2,900,14.26,700,14.27,700,14.29,100,14.34,200
2025-07-17T13:39:41.018783466Z,9.55,1700,9.67,100,10.61,200,11.27,100,11.4,100,11.76,100,11.93,200,12.23,100,12.26,700,12.33,200,13.4,24,13.67,100,13.78,2,13.93,100,14,100,14.2,900,14.26,700,14.27,700,14.29,100,14.34,200
2025-07-17T13:39:41.018783466Z,9.55,1700,9.67,100,10.61,200,11.27,100,11.4,100,11.76,100,11.93,200,12.23,100,12.26,700,12.33,200,13.4,24,13.67,100,13.78,2,13.93,100,14,100,14.2,900,14.26,700,14.27,700,14.29,100,14.3,100
2025-07-17T13:40:08.782383621Z,9.55,1700,9.67,100,10.61,200,11.27,100,11.4,100,11.76,100,11.93,200,12.23,100,12.26,700,12.33,200,13.67,100,13.78,2,13.93,100,14,100,14.2,900,14.26,700,14.27,700,14.29,100,14.3,100,14.34,200
2025-07-17T13:40:08.782758499Z,9.55,1700,9.67,100,10.61,200,11.27,100,11.4,100,11.76,100,11.93,200,12.23,100,12.26,700,12.33,200,13.4,18,13.67,100,13.78,2,13.93,100,14,100,14.2,900,14.26,700,14.27,700,14.29,100,14.3,100
2025-07-17T13:41:08.818711250Z,9.55,1700,9.67,100,10.61,200,11.27,100,11.4,100,11.76,100,11.93,200,12.23,100,12.26,700,12.33,200,13.67,100,13.78,2,13.93,100,14,100,14.2,900,14.26,700,14.27,700,14.29,100,14.3,100,14.34,200
2025-07-17T13:41:08.819083504Z,9.55,1700,9.67,100,10.61,200,11.27,100,11.4,100,11.76,100,11.93,200,12.23,100,12.26,700,12.33,200,13.4,24,13.67,100,13.78,2,13.93,100,14,100,14.2,900,14.26,700,14.27,700,14.29,100,14.3,100
2025-07-17T13:41:08.819104931Z,9.55,1700,9.67,100,10.61,200,11.27,100,11.4,100,11.76,100,11.93,200,12.23,100,12.26,700,12.33,200,13.4,24,13.67,100,13.78,2,13.93,100,14,100,14.2,900,14.26,700,14.27,700,14.29,100,14.34,200
2025-07-17T13:41:08.819104931Z,9.55,1700,9.67,100,10.61,200,11.27,100,11.4,100,11.76,100,11.93,200,12.23,100,12.26,700,12.33,200,13.4,24,13.67,100,13.78,2,13.93,100,14,100,14.2,900,14.26,700,14.27,700,14.29,100,14.34,200
2025-07-17T13:41:09.881085734Z,9.55,1700,9.67,100,10.61,200,11.27,100,11.4,100,11.76,100,11.93,200,12.23,100,12.26,700,12.33,200,13.4,24,13.67,100,13.78,2,13.93,100,14,100,14.2,900,14.26,700,14.27,700,14.29,100,14.34,200
2025-07-17T13:41:09.881085734Z,9.55,1700,9.67,100,10.61,200,11.27,100,11.4,100,11.76,100,11.93,200,12.23,100,12.26,700,12.33,200,13.4,24,13.67,100,13.78,2,13.93,100,14,100,14.2,900,14.26,700,14.27,700,14.29,100,14.3,100
2025-07-17T13:41:44.348494744Z,9.55,1700,9.67,100,10.61,200,11.27,100,11.4,100,11.76,100,11.93,200,12.23,100,12.26,700,12.33,200,13.67,100,13.78,2,13.93,100,14,100,14.2,900,14.26,700,14.27,700,14.29,100,14.3,100,14.34,200
2025-07-17T13:41:44.349416601Z,9.55,1700,9.67,100,10.61,200,11.27,100,11.4,100,11.76,100,11.93,200,12.23,100,12.26,700,12.33,200,13.67,100,13.78,2,13.93,100,14,100,14.2,900,14.26,700,14.27,700,14.29,100,14.34,200,14.44,100
2025-07-17T13:41:44.349416601Z,9.55,1700,9.67,100,10.61,200,11.27,100,11.4,100,11.76,100,11.93,200,12.23,100,12.26,700,12.33,200,13.67,100,13.78,2,13.93,100,14,100,14.2,900,14.26,700,14.27,700,14.29,100,14.34,200,14.44,100
2025-07-17T13:41:45.405013016Z,9.55,1700,9.67,100,10.61,200,11.27,100,11.4,100,11.76,100,11.93,200,12.23,100,12.26,700,12.33,200,13.67,100,13.78,2,13.93,100,14,100,14.2,900,14.26,700,14.27,700,14.29,100,14.34,200,14.44,100
2025-07-17T13:41:45.405013016Z,9.55,1700,9.67,100,10.61,200,11.27,100,11.4,100,11.76,100,11.93,200,12.23,100,12.26,700,12.33,200,13.67,100,13.78,2,13.93,100,14,100,14.2,900,14.26,700,14.27,700,14.29,100,14.3,100,14.34,200
2025-07-17T13:42:08.821155108Z,9.55,1700,9.67,100,10.61,200,11.27,100,11.4,100,11.76,100,11.93,200,12.23,100,12.26,700,12.33,200,13.67,100,13.78,2,13.93,100,14,100,14.2,900,14.26,700,14.27,700,14.3,100,14.34,200,14.44,100
2025-07-17T13:42:08.821155108Z,9.55,1700,9.67,100,10.61,200,11.27,100,11.4,100,11.76,100,11.93,200,12.23,100,12.26,700,12.33,200,13.67,100,13.78,2,13.93,100,14,100,14.2,900,14.26,700,14.27,700,14.3,100,14.34,200,14.44,100
2025-07-17T13:42:09.826891682Z,9.55,1700,9.67,100,10.61,200,11.27,100,11.4,100,11.76,100,11.93,200,12.23,100,12.26,700,12.33,200,13.67,100,13.78,2,13.93,100,14,100,14.2,900,14.26,700,14.27,700,14.3,100,14.34,200,14.44,100
2025-07-17T13:42:09.826891682Z,9.55,1700,9.67,100,10.61,200,11.27,100,11.4,100,11.76,100,11.93,200,12.23,100,12.26,700,12.33,200,13.67,100,13.78,2,13.93,100,14,100,14.2,900,14.26,700,14.27,700,14.3,200,14.34,200,14.44,100
